@article{Dmitriev:2004gk,
      author         = "Dmitriev, V. F. and Senkov, R. A.",
      title          = "{Schiff moment of the mercury nucleus and the proton
                        dipole moment}",
      booktitle      = "{International Conference on Nuclear Structure and
                        Related Topics Dubna, Russia, September 2-6, 2003}",
      journal        = "Phys. Atom. Nucl.",
      volume         = "67",
      year           = "2004",
      pages          = "1799-1803",
      doi            = "10.1134/1.1811181",
      note           = "[Yad. Fiz.67,1827(2004)]",
      SLACcitation   = "%%CITATION = PANUE,67,1799;%%"
}
@article{Chien:2015xha,
      author         = "Chien, Y. T. and Cirigliano, V. and Dekens, W. and de
                        Vries, J. and Mereghetti, E.",
      title          = "{Direct and indirect constraints on CP-violating
                        Higgs-quark and Higgs-gluon interactions}",
      journal        = "JHEP",
      volume         = "02",
      year           = "2016",
      pages          = "011",
      doi            = "10.1007/JHEP02(2016)011",
      note           = "[JHEP02,011(2016)]",
      eprint         = "1510.00725",
      archivePrefix  = "arXiv",
      primaryClass   = "hep-ph",
      reportNumber   = "LA-UR-15-27548",
      SLACcitation   = "%%CITATION = ARXIV:1510.00725;%%"
}
@article{Bishof:2016uqx,
      author         = "Bishof, Michael and others",
      title          = "{Improved limit on the $^{225}$Ra electric dipole
                        moment}",
      journal        = "Phys. Rev.",
      volume         = "C94",
      year           = "2016",
      number         = "2",
      pages          = "025501",
      doi            = "10.1103/PhysRevC.94.025501",
      eprint         = "1606.04931",
      archivePrefix  = "arXiv",
      primaryClass   = "nucl-ex",
      SLACcitation   = "%%CITATION = ARXIV:1606.04931;%%"
}
@article{Griffith:2009zz,
      author         = "Griffith, W. C. and Swallows, M. D. and Loftus, T. H. and
                        Romalis, M. V. and Heckel, B. R. and Fortson, E. N.",
      title          = "{Improved Limit on the Permanent Electric Dipole Moment
                        of Hg-199}",
      journal        = "Phys. Rev. Lett.",
      volume         = "102",
      year           = "2009",
      pages          = "101601",
      doi            = "10.1103/PhysRevLett.102.101601",
      SLACcitation   = "%%CITATION = PRLTA,102,101601;%%"
}
@article{Pretz:2013us,
      author         = "Pretz, Jörg",
      title          = "{Measurement of Permanent Electric Dipole Moments of
                        Charged Hadrons in Storage Rings}",
      booktitle      = "{Proceedings, 5th International Symposium on Symmetries
                        in Subatomic Physics (SSP 2012): Groningen, The
                        Netherlands, June 18-22, 2012}",
      collaboration  = "JEDI",
      journal        = "Hyperfine Interact.",
      volume         = "214",
      year           = "2013",
      number         = "1-3",
      pages          = "111-117",
      doi            = "10.1007/s10751-013-0799-4",
      eprint         = "1301.2937",
      archivePrefix  = "arXiv",
      primaryClass   = "hep-ex",
      SLACcitation   = "%%CITATION = ARXIV:1301.2937;%%"
}
@article{Pospelov:2005pr,
      author         = "Pospelov, Maxim and Ritz, Adam",
      title          = "{Electric dipole moments as probes of new physics}",
      journal        = "Annals Phys.",
      volume         = "318",
      year           = "2005",
      pages          = "119-169",
      doi            = "10.1016/j.aop.2005.04.002",
      eprint         = "hep-ph/0504231",
      archivePrefix  = "arXiv",
      primaryClass   = "hep-ph",
      SLACcitation   = "%%CITATION = HEP-PH/0504231;%%"
}
@article{Mereghetti:2010kp,
      author         = "Mereghetti, E. and de Vries, J. and Hockings, W. H. and
                        Maekawa, C. M. and van Kolck, U.",
      title          = "{The Electric Dipole Form Factor of the Nucleon in Chiral
                        Perturbation Theory to Sub-leading Order}",
      journal        = "Phys. Lett.",
      volume         = "B696",
      year           = "2011",
      pages          = "97-102",
      doi            = "10.1016/j.physletb.2010.12.018",
      eprint         = "1010.4078",
      archivePrefix  = "arXiv",
      primaryClass   = "hep-ph",
      SLACcitation   = "%%CITATION = ARXIV:1010.4078;%%"
}
@article{Mereghetti:2015rra,
      author         = "Mereghetti, E. and van Kolck, U.",
      title          = "{Effective Field Theory and Time-Reversal Violation in
                        Light Nuclei}",
      journal        = "Ann. Rev. Nucl. Part. Sci.",
      volume         = "65",
      year           = "2015",
      pages          = "215-243",
      doi            = "10.1146/annurev-nucl-102014-022344",
      eprint         = "1505.06272",
      archivePrefix  = "arXiv",
      primaryClass   = "hep-ph",
      reportNumber   = "LAUR-15-23119",
      SLACcitation   = "%%CITATION = ARXIV:1505.06272;%%"
}
@article{Shintani:2005xg,
      author         = "Shintani, E. and Aoki, S. and Ishizuka, N. and Kanaya, K.
                        and Kikukawa, Y. and Kuramashi, Y. and Okawa, M. and
                        Tanigchi, Y. and Ukawa, A. and Yoshie, T.",
      title          = "{Neutron electric dipole moment from lattice QCD}",
      journal        = "Phys. Rev.",
      volume         = "D72",
      year           = "2005",
      pages          = "014504",
      doi            = "10.1103/PhysRevD.72.014504",
      eprint         = "hep-lat/0505022",
      archivePrefix  = "arXiv",
      primaryClass   = "hep-lat",
      reportNumber   = "UTCCS-P-12",
      SLACcitation   = "%%CITATION = HEP-LAT/0505022;%%"
}
@article{Berruto:2005hg,
      author         = "Berruto, F. and Blum, T. and Orginos, K. and Soni, A.",
      title          = "{Calculation of the neutron electric dipole moment with
                        two dynamical flavors of domain wall fermions}",
      journal        = "Phys. Rev.",
      volume         = "D73",
      year           = "2006",
      pages          = "054509",
      doi            = "10.1103/PhysRevD.73.054509",
      eprint         = "hep-lat/0512004",
      archivePrefix  = "arXiv",
      primaryClass   = "hep-lat",
      reportNumber   = "BNL-HET-05-20, CTP-3622, RBRC-519, JLAB-THY-05-451",
      SLACcitation   = "%%CITATION = HEP-LAT/0512004;%%"
}
@article{Bhattacharya:2015esa,
      author         = "Bhattacharya, Tanmoy and Cirigliano, Vincenzo and Gupta,
                        Rajan and Lin, Huey-Wen and Yoon, Boram",
      title          = "{Neutron Electric Dipole Moment and Tensor Charges from
                        Lattice QCD}",
      journal        = "Phys. Rev. Lett.",
      volume         = "115",
      year           = "2015",
      number         = "21",
      pages          = "212002",
      doi            = "10.1103/PhysRevLett.115.212002",
      eprint         = "1506.04196",
      archivePrefix  = "arXiv",
      primaryClass   = "hep-lat",
      reportNumber   = "LA-UR-15-24210",
      SLACcitation   = "%%CITATION = ARXIV:1506.04196;%%"
}
@article{Weinberg:1989dx,
      author         = "Weinberg, Steven",
      title          = "{Larger Higgs Exchange Terms in the Neutron Electric
                        Dipole Moment}",
      journal        = "Phys. Rev. Lett.",
      volume         = "63",
      year           = "1989",
      pages          = "2333",
      doi            = "10.1103/PhysRevLett.63.2333",
      reportNumber   = "UTTG-30-89",
      SLACcitation   = "%%CITATION = PRLTA,63,2333;%%"
}
@article{deVries:2015gea,
      author         = "de Vries, J. and Mei{\ss}ner, Ulf-G.",
      title          = "{Violations of discrete space–time symmetries in chiral
                        effective field theory}",
      journal        = "Int. J. Mod. Phys.",
      volume         = "E25",
      year           = "2016",
      number         = "05",
      pages          = "1641008",
      doi            = "10.1142/S0218301316410081",
      eprint         = "1509.07331",
      archivePrefix  = "arXiv",
      primaryClass   = "hep-ph",
      SLACcitation   = "%%CITATION = ARXIV:1509.07331;%%"
}
@article{Chowdhury:2013mea,
      author         = "Chowdhury, Abhishek and Harindranath, A. and Maiti,
                        Jyotirmoy and Majumdar, Pushan",
      title          = "{Topological susceptibility in lattice Yang-Mills theory
                        with open boundary condition}",
      journal        = "JHEP",
      volume         = "02",
      year           = "2014",
      pages          = "045",
      doi            = "10.1007/JHEP02(2014)045",
      eprint         = "1311.6599",
      archivePrefix  = "arXiv",
      primaryClass   = "hep-lat",
      SLACcitation   = "%%CITATION = ARXIV:1311.6599;%%"
}
@article{Bruno:2014ova,
      author         = "Bruno, Mattia and Schaefer, Stefan and Sommer, Rainer",
      title          = "{Topological susceptibility and the sampling of field
                        space in N$_{f}$ = 2 lattice QCD simulations}",
      collaboration  = "ALPHA",
      journal        = "JHEP",
      volume         = "08",
      year           = "2014",
      pages          = "150",
      doi            = "10.1007/JHEP08(2014)150",
      eprint         = "1406.5363",
      archivePrefix  = "arXiv",
      primaryClass   = "hep-lat",
      reportNumber   = "DESY-14-101, SFB-CPP-14-29",
      SLACcitation   = "%%CITATION = ARXIV:1406.5363;%%"
}
@article{DelDebbio:2013zaa,
      author         = "Del Debbio, Luigi and Patella, Agostino and Rago,
                        Antonio",
      title          = "{Space-time symmetries and the Yang-Mills gradient flow}",
      journal        = "JHEP",
      volume         = "11",
      year           = "2013",
      pages          = "212",
      doi            = "10.1007/JHEP11(2013)212",
      eprint         = "1306.1173",
      archivePrefix  = "arXiv",
      primaryClass   = "hep-th",
      reportNumber   = "CERN-PH-TH-2013-12, CERN-PH-TH-2013-112",
      SLACcitation   = "%%CITATION = ARXIV:1306.1173;%%"
}
@article{Ce:2015qha,
      author         = "Cè, Marco and Consonni, Cristian and Engel, Georg P. and
                        Giusti, Leonardo",
      title          = "{Non-Gaussianities in the topological charge distribution
                        of the SU(3) Yang--Mills theory}",
      journal        = "Phys. Rev.",
      volume         = "D92",
      year           = "2015",
      number         = "7",
      pages          = "074502",
      doi            = "10.1103/PhysRevD.92.074502",
      eprint         = "1506.06052",
      archivePrefix  = "arXiv",
      primaryClass   = "hep-lat",
      SLACcitation   = "%%CITATION = ARXIV:1506.06052;%%"
}
@article{Gambhir:2016uwp,
      author         = "Gambhir, Arjun Singh and Stathopoulos, Andreas and
                        Orginos, Kostas",
      title          = "{Deflation as a Method of Variance Reduction for
                        Estimating the Trace of a Matrix Inverse}",
      year           = "2016",
      eprint         = "1603.05988",
      archivePrefix  = "arXiv",
      primaryClass   = "hep-lat",
      reportNumber   = "JLAB-THY-16-2291",
      SLACcitation   = "%%CITATION = ARXIV:1603.05988;%%"
}
@article{Hutchinson,
author = {   M.F.   Hutchinson },
title = {A stochastic estimator of the trace of the influence matrix for laplacian smoothing splines},
journal = {Communications in Statistics - Simulation and Computation},
volume = {19},
number = {2},
pages = {433-450},
year = {1990}
}
@article{Michael:1998sg,
      author         = "Michael, Christopher and Peisa, J.",
      title          = "{Maximal variance reduction for stochastic propagators
                        with applications to the static quark spectrum}",
      collaboration  = "UKQCD",
      journal        = "Phys. Rev.",
      volume         = "D58",
      year           = "1998",
      pages          = "034506",
      doi            = "10.1103/PhysRevD.58.034506",
      eprint         = "hep-lat/9802015",
      archivePrefix  = "arXiv",
      primaryClass   = "hep-lat",
      reportNumber   = "LTH-420",
      SLACcitation   = "%%CITATION = HEP-LAT/9802015;%%"
}
@article{Dragos:2016rtx,
      author         = "Dragos, Jack and Horsley, Roger and Kamleh, Waseem and
                        Leinweber, Derek B. and Nakamura, Yoshifumi and Rakow,
                        Paul E. L. and Schierholz, Gerrit and Young, Ross D. and
                        Zanotti, James M.",
      title          = "{Nucleon matrix elements using the variational method in
                        lattice QCD}",
      journal        = "Phys. Rev.",
      volume         = "D94",
      year           = "2016",
      number         = "7",
      pages          = "074505",
      doi            = "10.1103/PhysRevD.94.074505",
      eprint         = "1606.03195",
      archivePrefix  = "arXiv",
      primaryClass   = "hep-lat",
      reportNumber   = "ADP-16-23-T978, EDINBURGH-2016-07, DESY-16-099, LTH-1087",
      SLACcitation   = "%%CITATION = ARXIV:1606.03195;%%"
}
@article{Blossier:2009kd,
      author         = "Blossier, Benoit and Della Morte, Michele and von Hippel,
                        Georg and Mendes, Tereza and Sommer, Rainer",
      title          = "{On the generalized eigenvalue method for energies and
                        matrix elements in lattice field theory}",
      journal        = "JHEP",
      volume         = "04",
      year           = "2009",
      pages          = "094",
      doi            = "10.1088/1126-6708/2009/04/094",
      eprint         = "0902.1265",
      archivePrefix  = "arXiv",
      primaryClass   = "hep-lat",
      reportNumber   = "DESY-09-014, SFB-CPP-09-10, MKPH-T-09-01,
                        LPT-ORSAY-09-05",
      SLACcitation   = "%%CITATION = ARXIV:0902.1265;%%"
}
@article{Luscher:1990ck,
      author         = "L{\"u}scher, Martin and Wolff, Ulli",
      title          = "{How to Calculate the Elastic Scattering Matrix in
                        Two-dimensional Quantum Field Theories by Numerical
                        Simulation}",
      journal        = "Nucl. Phys.",
      volume         = "B339",
      year           = "1990",
      pages          = "222-252",
      doi            = "10.1016/0550-3213(90)90540-T",
      reportNumber   = "DESY-90-010",
      SLACcitation   = "%%CITATION = NUPHA,B339,222;%%"
}
@article{Campbell:1984fe,
      author         = "Campbell, N. A. and Griffiths, L. A. and Michael,
                        Christopher and Rakow, Paul E. L.",
      title          = "{MESONS WITH EXCITED GLUE FROM SU(3) LATTICE GAUGE
                        THEORY}",
      journal        = "Phys. Lett.",
      volume         = "B142",
      year           = "1984",
      pages          = "291-293",
      doi            = "10.1016/0370-2693(84)91200-0",
      SLACcitation   = "%%CITATION = PHLTA,B142,291;%%"
}
@article{Michael:1982gb,
      author         = "Michael, Christopher and Teasdale, I.",
      title          = "{Extracting Glueball Masses From Lattice {QCD}}",
      journal        = "Nucl. Phys.",
      volume         = "B215",
      year           = "1983",
      pages          = "433-446",
      doi            = "10.1016/0550-3213(83)90674-0",
      reportNumber   = "LTH 96",
      SLACcitation   = "%%CITATION = NUPHA,B215,433;%%"
}
@article{Shindler:2013bia,
      author         = "Shindler, Andrea",
      title          = "{Chiral Ward identities, automatic O(a) improvement and
                        the gradient flow}",
      journal        = "Nucl. Phys.",
      volume         = "B881",
      year           = "2014",
      pages          = "71-90",
      doi            = "10.1016/j.nuclphysb.2014.01.022",
      eprint         = "1312.4908",
      archivePrefix  = "arXiv",
      primaryClass   = "hep-lat",
      SLACcitation   = "%%CITATION = ARXIV:1312.4908;%%"
}
@article{DellaMorte:2005nwx,
      author         = "Della Morte, Michele and Shindler, Andrea and Sommer,
                        Rainer",
      title          = "{On lattice actions for static quarks}",
      journal        = "JHEP",
      volume         = "08",
      year           = "2005",
      pages          = "051",
      doi            = "10.1088/1126-6708/2005/08/051",
      eprint         = "hep-lat/0506008",
      archivePrefix  = "arXiv",
      primaryClass   = "hep-lat",
      reportNumber   = "DESY-05-082, HU-EP-05-22, SFB-CPP-05-19",
      SLACcitation   = "%%CITATION = HEP-LAT/0506008;%%"
}
@article{Urbach:2005ji,
      author         = "Urbach, C. and Jansen, K. and Shindler, A. and Wenger,
                        U.",
      title          = "{HMC algorithm with multiple time scale integration and
                        mass preconditioning}",
      journal        = "Comput. Phys. Commun.",
      volume         = "174",
      year           = "2006",
      pages          = "87-98",
      doi            = "10.1016/j.cpc.2005.08.006",
      eprint         = "hep-lat/0506011",
      archivePrefix  = "arXiv",
      primaryClass   = "hep-lat",
      reportNumber   = "DESY-05-090, SFB-CPP-05-20",
      SLACcitation   = "%%CITATION = HEP-LAT/0506011;%%"
}
@article{Boucaud:2007uk,
      author         = "Boucaud, Ph. and others",
      title          = "{Dynamical twisted mass fermions with light quarks}",
      collaboration  = "ETM",
      journal        = "Phys. Lett.",
      volume         = "B650",
      year           = "2007",
      pages          = "304-311",
      doi            = "10.1016/j.physletb.2007.04.054",
      eprint         = "hep-lat/0701012",
      archivePrefix  = "arXiv",
      primaryClass   = "hep-lat",
      reportNumber   = "DESY-06-236, MS-TP-06-34, RM3-TH-07-1, ROM2F-2007-02,
                        SFB-CPP-06-57",
      SLACcitation   = "%%CITATION = HEP-LAT/0701012;%%"
}
@article{Shindler:2007vp,
      author         = "Shindler, Andrea",
      title          = "{Twisted mass lattice QCD}",
      journal        = "Phys. Rept.",
      volume         = "461",
      year           = "2008",
      pages          = "37-110",
      doi            = "10.1016/j.physrep.2008.03.001",
      eprint         = "0707.4093",
      archivePrefix  = "arXiv",
      primaryClass   = "hep-lat",
      reportNumber   = "DESY-07-080, SFB-CPP-07-25",
      SLACcitation   = "%%CITATION = ARXIV:0707.4093;%%"
}
@article{Boucaud:2008xu,
      author         = "Boucaud, Philippe and others",
      title          = "{Dynamical Twisted Mass Fermions with Light Quarks:
                        Simulation and Analysis Details}",
      collaboration  = "ETM",
      journal        = "Comput. Phys. Commun.",
      volume         = "179",
      year           = "2008",
      pages          = "695-715",
      doi            = "10.1016/j.cpc.2008.06.013",
      eprint         = "0803.0224",
      archivePrefix  = "arXiv",
      primaryClass   = "hep-lat",
      reportNumber   = "DESY-08-022, IFIC-08-08, FTUV-08-1302, MS-TP-08-3,
                        RM3-TH-08-5, ROM2F-2008-04, SFB-CPP-08-17, LTH-762",
      SLACcitation   = "%%CITATION = ARXIV:0803.0224;%%"
}
@article{Baron:2009wt,
      author         = "Baron, Remi and others",
      title          = "{Light Meson Physics from Maximally Twisted Mass Lattice
                        QCD}",
      collaboration  = "ETM",
      journal        = "JHEP",
      volume         = "08",
      year           = "2010",
      pages          = "097",
      doi            = "10.1007/JHEP08(2010)097",
      eprint         = "0911.5061",
      archivePrefix  = "arXiv",
      primaryClass   = "hep-lat",
      reportNumber   = "HISKP-TH-09-37, DESY-09-187, SFB-CPP-09-115, MS-TP-09-27,
                        ROM2F-2009-24, IFT-UAM-CSIC-09-58, --ROM2F-2009-24",
      SLACcitation   = "%%CITATION = ARXIV:0911.5061;%%"
}
@article{Bar:2010zj,
      author         = "B{\"a}r, Oliver and Necco, Silvia and Shindler, Andrea",
      title          = "{The epsilon regime with twisted mass Wilson fermions}",
      journal        = "JHEP",
      volume         = "04",
      year           = "2010",
      pages          = "053",
      doi            = "10.1007/JHEP04(2010)053",
      eprint         = "1002.1582",
      archivePrefix  = "arXiv",
      primaryClass   = "hep-lat",
      SLACcitation   = "%%CITATION = ARXIV:1002.1582;%%"
}
@article{Michael:2010aa,
      author         = "Michael, Chris and Shindler, Andrea and Wagner, Marc",
      title          = "{The continuum limit of the static-light meson spectrum}",
      collaboration  = "ETM",
      journal        = "JHEP",
      volume         = "08",
      year           = "2010",
      pages          = "009",
      doi            = "10.1007/JHEP08(2010)009",
      eprint         = "1004.4235",
      archivePrefix  = "arXiv",
      primaryClass   = "hep-lat",
      reportNumber   = "SFB-CPP-10-30, LTH-869, IFT-UAM-CSIC-10-14, HU-EP-10-20",
      SLACcitation   = "%%CITATION = ARXIV:1004.4235;%%"
}
@article{Necco:2011vx,
      author         = "Necco, Silvia and Shindler, Andrea",
      title          = "{Spectral density of the Hermitean Wilson Dirac operator:
                        a NLO computation in chiral perturbation theory}",
      journal        = "JHEP",
      volume         = "04",
      year           = "2011",
      pages          = "031",
      doi            = "10.1007/JHEP04(2011)031",
      eprint         = "1101.1778",
      archivePrefix  = "arXiv",
      primaryClass   = "hep-lat",
      SLACcitation   = "%%CITATION = ARXIV:1101.1778;%%"
}
@article{Lopez:2012mc,
      author         = "Lopez, J. Gonzalez and Jansen, K. and Renner, D. B. and
                        Shindler, A.",
      title          = "{A quenched study of the Schroedinger functional with
                        chirally rotated boundary conditions: applications}",
      journal        = "Nucl. Phys.",
      volume         = "B867",
      year           = "2013",
      pages          = "609-635",
      doi            = "10.1016/j.nuclphysb.2012.10.006",
      eprint         = "1208.4661",
      archivePrefix  = "arXiv",
      primaryClass   = "hep-lat",
      reportNumber   = "DESY-12-137, HU-EP-12-24, JLAB-THY-12-1606,
                        SFB-CPP-12-55",
      SLACcitation   = "%%CITATION = ARXIV:1208.4661;%%"
}
@article{Lopez:2012as,
      author         = "Lopez, J. Gonzalez and Jansen, K. and Renner, D. B. and
                        Shindler, A.",
      title          = "{A quenched study of the Schroedinger functional with
                        chirally rotated boundary conditions: non-perturbative
                        tuning}",
      journal        = "Nucl. Phys.",
      volume         = "B867",
      year           = "2013",
      pages          = "567-608",
      doi            = "10.1016/j.nuclphysb.2012.10.015",
      eprint         = "1208.4591",
      archivePrefix  = "arXiv",
      primaryClass   = "hep-lat",
      reportNumber   = "DESY-12-136, HU-EP-12-23, JLAB-THY-12-1605,
                        SFB-CPP-12-54",
      SLACcitation   = "%%CITATION = ARXIV:1208.4591;%%"
}
@article{Carrasco:2013zta,
      author         = "Carrasco, N. and others",
      title          = "{B-physics from $N_f$ = 2 tmQCD: the Standard Model and
                        beyond}",
      collaboration  = "ETM",
      journal        = "JHEP",
      volume         = "03",
      year           = "2014",
      pages          = "016",
      doi            = "10.1007/JHEP03(2014)016",
      eprint         = "1308.1851",
      archivePrefix  = "arXiv",
      primaryClass   = "hep-lat",
      reportNumber   = "CERN-PH-TH-2013-173, IFIC-13-47, LPT-ORSAY-13-59,
                        LTH-982, MITP-13-045, RM3-TH-13-6, ROM2F-2013-12",
      SLACcitation   = "%%CITATION = ARXIV:1308.1851;%%"
}
@inproceedings{Leinweber:1999cw,
      author         = "Leinweber, Derek B.",
      title          = "{Visualizations of the QCD vacuum}",
      booktitle      = "{Lightcone QCD and nonperturbative hadron physics.
                        Proceedings, Workshop, Adelaide, Australia, December
                        13-22, 1999}",
      url            = "http://alice.cern.ch/format/showfull?sysnb=2185838",
      year           = "1999",
      pages          = "138-143",
      eprint         = "hep-lat/0004025",
      archivePrefix  = "arXiv",
      primaryClass   = "hep-lat",
      reportNumber   = "ADP-00-22-T405",
      SLACcitation   = "%%CITATION = HEP-LAT/0004025;%%"
}
@article{Shindler:2014oha,
      author         = "Shindler, A. and de Vries, J. and Luu, T.",
      title          = "{Beyond-the-Standard-Model matrix elements with the
                        gradient flow}",
      booktitle      = "{Proceedings, 32nd International Symposium on Lattice
                        Field Theory (Lattice 2014): Brookhaven, NY, USA, June
                        23-28, 2014}",
      journal        = "PoS",
      volume         = "LATTICE2014",
      year           = "2014",
      pages          = "251",
      eprint         = "1409.2735",
      archivePrefix  = "arXiv",
      primaryClass   = "hep-lat",
      SLACcitation   = "%%CITATION = ARXIV:1409.2735;%%"
}
@article{long_range15,
      author         = "{Reaching for the Horizon: The 2015 Long-Range Plan for Nuclear Science}",
      title          = "",
      journal        = "{Report prepared by the Nuclear Science Advisory Committee (NSAC)}",
      volume         = "",
      year           = "2015",
      number         = ""
}
@article{Shindler:2015aqa,
      author         = "Shindler, Andrea and Luu, Thomas and de Vries, Jordy",
      title          = "{Nucleon electric dipole moment with the gradient flow:
                        The $\theta$-term contribution}",
      journal        = "Phys. Rev.",
      volume         = "D92",
      year           = "2015",
      number         = "9",
      pages          = "094518",
      doi            = "10.1103/PhysRevD.92.094518",
      eprint         = "1507.02343",
      archivePrefix  = "arXiv",
      primaryClass   = "hep-lat",
      SLACcitation   = "%%CITATION = ARXIV:1507.02343;%%"
}
@article{Luscher:2013vga,
      author         = "L{\"u}scher, Martin",
      title          = "{Future applications of the Yang-Mills gradient flow in
                        lattice QCD}",
      year           = "2013",
      eprint         = "1308.5598",
      archivePrefix  = "arXiv",
      primaryClass   = "hep-lat",
      reportNumber   = "CERN-PH-TH-2013-201",
      SLACcitation   = "%%CITATION = ARXIV:1308.5598;%%",
}
@article{Luscher:2013cpa,
      author         = "L{\"u}scher, Martin",
      title          = "{Chiral symmetry and the Yang--Mills gradient flow}",
      journal        = "JHEP",
      volume         = "1304",
      pages          = "123",
      doi            = "10.1007/JHEP04(2013)123",
      year           = "2013",
      eprint         = "1302.5246",
      archivePrefix  = "arXiv",
      primaryClass   = "hep-lat",
      reportNumber   = "CERN-PH-TH-2013-025",
      SLACcitation   = "%%CITATION = ARXIV:1302.5246;%%",
}


@article{Luscher:2010iy,
      author         = "L{\"u}scher, Martin",
      title          = "{Properties and uses of the Wilson flow in lattice QCD}",
      journal        = "JHEP",
      volume         = "1008",
      pages          = "071",
      doi            = "10.1007/JHEP08(2010)071",
      year           = "2010",
      eprint         = "1006.4518",
      archivePrefix  = "arXiv",
      primaryClass   = "hep-lat",
      reportNumber   = "CERN-PH-TH-2010-143",
      SLACcitation   = "%%CITATION = ARXIV:1006.4518;%%",
}
@article{Luscher:2011bx,
      author         = "L{\"u}scher, Martin and Weisz, Peter",
      title          = "{Perturbative analysis of the gradient flow in
                        non-abelian gauge theories}",
      journal        = "JHEP",
      volume         = "1102",
      pages          = "051",
      doi            = "10.1007/JHEP02(2011)051",
      year           = "2011",
      eprint         = "1101.0963",
      archivePrefix  = "arXiv",
      primaryClass   = "hep-th",
      reportNumber   = "CERN-PH-TH-2010-290, MPP-2010-165",
      SLACcitation   = "%%CITATION = ARXIV:1101.0963;%%",
}
@article{Fodor:2012td,
      author         = "Fodor, Zoltan and Holland, Kieran and Kuti, Julius and
                        Nogradi, Daniel and Wong, Chik Him",
      title          = "{The Yang-Mills gradient flow in finite volume}",
      journal        = "JHEP",
      volume         = "1211",
      pages          = "007",
      doi            = "10.1007/JHEP11(2012)007",
      year           = "2012",
      eprint         = "1208.1051",
      archivePrefix  = "arXiv",
      primaryClass   = "hep-lat",
      SLACcitation   = "%%CITATION = ARXIV:1208.1051;%%",
}
@article{Fritzsch:2013je,
      author         = "Fritzsch, Patrick and Ramos, Alberto",
      title          = "{The gradient flow coupling in the Schr\'odinger
                        Functional}",
      year           = "2013",
      eprint         = "1301.4388",
      archivePrefix  = "arXiv",
      primaryClass   = "hep-lat",
      reportNumber   = "DESY-12-241, HU-EP-12-53, SFB-CPP-13-05",
      SLACcitation   = "%%CITATION = ARXIV:1301.4388;%%",
}
@article{Suzuki:2013gza,
      author         = "Suzuki, Hiroshi",
      title          = "{Energy–momentum tensor from the Yang–Mills gradient
                        flow}",
      journal        = "PTEP",
      number         = "8",
      volume         = "2013",
      pages          = "083B03",
      doi            = "10.1093/ptep/ptt059",
      year           = "2013",
      eprint         = "1304.0533",
      archivePrefix  = "arXiv",
      primaryClass   = "hep-lat",
      reportNumber   = "RIKEN-QHP-82",
      SLACcitation   = "%%CITATION = ARXIV:1304.0533;%%",
}
@article{Borsanyi:2012zs,
      author         = "Borsanyi, Szabolcs and D{\"u}rr, Stephan and Fodor, Zoltan
                        and Hoelbling, Christian and Katz, Sandor D. and others",
      title          = "{High-precision scale setting in lattice QCD}",
      journal        = "JHEP",
      volume         = "1209",
      pages          = "010",
      doi            = "10.1007/JHEP09(2012)010",
      year           = "2012",
      eprint         = "1203.4469",
      archivePrefix  = "arXiv",
      primaryClass   = "hep-lat",
      reportNumber   = "ITP-BUDAPEST-657, CPT-P004-2012, WUB-12-02",
      SLACcitation   = "%%CITATION = ARXIV:1203.4469;%%",
}

@article{Pospelov:1999ha,
      author         = "Pospelov, Maxim and Ritz, Adam",
      title          = "{Theta induced electric dipole moment of the neutron via
                        QCD sum rules}",
      journal        = "Phys.Rev.Lett.",
      volume         = "83",
      pages          = "2526-2529",
      doi            = "10.1103/PhysRevLett.83.2526",
      year           = "1999",
      eprint         = "hep-ph/9904483",
      archivePrefix  = "arXiv",
      primaryClass   = "hep-ph",
      reportNumber   = "TPI-MINN-99-24, UMN-TH-1761-99",
      SLACcitation   = "%%CITATION = HEP-PH/9904483;%%",
}
@article{Feynman:1939zz,
      author         = "Feynman, R.P.",
      title          = "{Forces and Stresses in Molecules}",
      year           = "1939",
      SLACcitation   = "%%CITATION = INSPIRE-894667;%%",
}
@article{Michael:2001bv,
      author         = "Michael, Christopher and McNeile, C. and Hepburn, D.",
      title          = "{The Strangeness content of the nucleon}",
      collaboration  = "UKQCD Collaboration",
      journal        = "Nucl.Phys.Proc.Suppl.",
      volume         = "106",
      pages          = "293-295",
      doi            = "10.1016/S0920-5632(01)01692-9",
      year           = "2002",
      eprint         = "hep-lat/0109028",
      archivePrefix  = "arXiv",
      primaryClass   = "hep-lat",
      SLACcitation   = "%%CITATION = HEP-LAT/0109028;%%",
}
@article{Young:2009ps,
      author         = "Young, Ross D. and Thomas, Anthony W.",
      title          = "{Recent results on nucleon sigma terms in lattice QCD}",
      journal        = "Nucl.Phys.",
      volume         = "A844",
      pages          = "266C-271C",
      doi            = "10.1016/j.nuclphysa.2010.05.048",
      year           = "2010",
      eprint         = "0911.1757",
      archivePrefix  = "arXiv",
      primaryClass   = "hep-lat",
      reportNumber   = "ANL-PHY-12521-TH-2009, ADP-09-16-T695",
      SLACcitation   = "%%CITATION = ARXIV:0911.1757;%%",
}
@article{Ellis:2008hf,
      author         = "Ellis, John R. and Olive, Keith A. and Savage,
                        Christopher",
      title          = "{Hadronic Uncertainties in the Elastic Scattering of
                        Supersymmetric Dark Matter}",
      journal        = "Phys.Rev.",
      volume         = "D77",
      pages          = "065026",
      doi            = "10.1103/PhysRevD.77.065026",
      year           = "2008",
      eprint         = "0801.3656",
      archivePrefix  = "arXiv",
      primaryClass   = "hep-ph",
      reportNumber   = "CERN-PH-TH-2008-005, UMN-TH-2631-08, FTPI-MINN-08-02",
      SLACcitation   = "%%CITATION = ARXIV:0801.3656;%%",
}
@article{Bertone:2004pz,
      author         = "Bertone, Gianfranco and Hooper, Dan and Silk, Joseph",
      title          = "{Particle dark matter: Evidence, candidates and
                        constraints}",
      journal        = "Phys.Rept.",
      volume         = "405",
      pages          = "279-390",
      doi            = "10.1016/j.physrep.2004.08.031",
      year           = "2005",
      eprint         = "hep-ph/0404175",
      archivePrefix  = "arXiv",
      primaryClass   = "hep-ph",
      reportNumber   = "FERMILAB-PUB-04-047-A",
      SLACcitation   = "%%CITATION = HEP-PH/0404175;%%",
}
@article{Ottnad:2009jw,
      author         = "Ottnad, K. and Kubis, B. and Meissner, U.-G. and Guo,
                        F.-K.",
      title          = "{New insights into the neutron electric dipole moment}",
      journal        = "Phys.Lett.",
      volume         = "B687",
      pages          = "42-47",
      doi            = "10.1016/j.physletb.2010.03.005",
      year           = "2010",
      eprint         = "0911.3981",
      archivePrefix  = "arXiv",
      primaryClass   = "hep-ph",
      reportNumber   = "HISKP-TH-09-32, FZJ-IKP-TH-2009-33",
      SLACcitation   = "%%CITATION = ARXIV:0911.3981;%%",
}
@article{Guo:2012vf,
      author         = "Guo, Feng-Kun and Meissner, Ulf-G.",
      title          = "{Baryon electric dipole moments from strong CP
                        violation}",
      journal        = "JHEP",
      volume         = "1212",
      pages          = "097",
      doi            = "10.1007/JHEP12(2012)097",
      year           = "2012",
      eprint         = "1210.5887",
      archivePrefix  = "arXiv",
      primaryClass   = "hep-ph",
      SLACcitation   = "%%CITATION = ARXIV:1210.5887;%%",
}
@article{Aoki:2008sm,
      author         = "Aoki, S. and others",
      title          = "{2+1 Flavor Lattice QCD toward the Physical Point}",
      collaboration  = "PACS-CS Collaboration",
      journal        = "Phys.Rev.",
      volume         = "D79",
      pages          = "034503",
      doi            = "10.1103/PhysRevD.79.034503",
      year           = "2009",
      eprint         = "0807.1661",
      archivePrefix  = "arXiv",
      primaryClass   = "hep-lat",
      reportNumber   = "UTCCS-P-44, UTHEP-567, HUPD-0801, KANAZAWA-08-06",
      SLACcitation   = "%%CITATION = ARXIV:0807.1661;%%",
}
@article{Boyle:2009vp,
      author         = "Boyle, Peter A.",
      title          = "{The BAGEL assembler generation library}",
      journal        = "Comput.Phys.Commun.",
      volume         = "180",
      pages          = "2739-2748",
      doi            = "10.1016/j.cpc.2009.08.010",
      year           = "2009",
      SLACcitation   = "%%CITATION = CPHCB,180,2739;%%",
}
@article{Edwards:2004sx,
      author         = "Edwards, Robert G. and Joo, Balint",
      title          = "{The Chroma software system for lattice QCD}",
      collaboration  = "SciDAC Collaboration, LHPC Collaboration, UKQCD
                        Collaboration",
      journal        = "Nucl.Phys.Proc.Suppl.",
      volume         = "140",
      pages          = "832",
      doi            = "10.1016/j.nuclphysbps.2004.11.254",
      year           = "2005",
      eprint         = "hep-lat/0409003",
      archivePrefix  = "arXiv",
      primaryClass   = "hep-lat",
      reportNumber   = "JLAB-THY-04-54",
      SLACcitation   = "%%CITATION = HEP-LAT/0409003;%%",
}
@article{Harris:2007fz,
      author         = "Harris, Philip G.",
      title          = "{The Neutron EDM Experiment}",
      year           = "2007",
      eprint         = "0709.3100",
      archivePrefix  = "arXiv",
      primaryClass   = "hep-ex",
      SLACcitation   = "%%CITATION = ARXIV:0709.3100;%%",
}
@article{Aoki:2008gv,
      author         = "Aoki, S. and Horsley, R. and Izubuchi, T. and Nakamura,
                        Y. and Pleiter, D. and others",
      title          = "{The Electric dipole moment of the nucleon from
                        simulations at imaginary vacuum angle theta}",
      year           = "2008",
      eprint         = "0808.1428",
      archivePrefix  = "arXiv",
      primaryClass   = "hep-lat",
      reportNumber   = "DESY-08-112, EDINBURGH-2008-11",
      SLACcitation   = "%%CITATION = ARXIV:0808.1428;%%",
}
@article{Shintani:2008nt,
      author         = "Shintani, E. and Aoki, S. and Kuramashi, Y.",
      title          = "{Full QCD calculation of neutron electric dipole moment
                        with the external electric field method}",
      journal        = "Phys.Rev.",
      volume         = "D78",
      pages          = "014503",
      doi            = "10.1103/PhysRevD.78.014503",
      year           = "2008",
      eprint         = "0803.0797",
      archivePrefix  = "arXiv",
      primaryClass   = "hep-lat",
      reportNumber   = "UTHEP-556, UTCCS-P-39, KEK-CP-209",
      SLACcitation   = "%%CITATION = ARXIV:0803.0797;%%",
}
@article{Hong:2007tf,
      author         = "Hong, Deog Ki and Kim, Hyun-Chul and Siwach, Sanjay and
                        Yee, Ho-Ung",
      title          = "{The Electric Dipole Moment of the Nucleons in
                        Holographic QCD}",
      journal        = "JHEP",
      volume         = "0711",
      pages          = "036",
      doi            = "10.1088/1126-6708/2007/11/036",
      year           = "2007",
      eprint         = "0709.0314",
      archivePrefix  = "arXiv",
      primaryClass   = "hep-ph",
      reportNumber   = "PNUTP-07-A05, PNU-NTG-08-2007, KIAS-P07039",
      SLACcitation   = "%%CITATION = ARXIV:0709.0314;%%",
}
@article{Faccioli:2004jz,
      author         = "Faccioli, P. and Guadagnoli, D. and Simula, S.",
      title          = "{The Neutron electric dipole moment in the instanton
                        vacuum: Quenched versus unquenched simulations}",
      journal        = "Phys.Rev.",
      volume         = "D70",
      pages          = "074017",
      doi            = "10.1103/PhysRevD.70.074017",
      year           = "2004",
      eprint         = "hep-ph/0406336",
      archivePrefix  = "arXiv",
      primaryClass   = "hep-ph",
      reportNumber   = "ECT-04-05, RM3-TH-04-15, ROME1-1379-2004",
      SLACcitation   = "%%CITATION = HEP-PH/0406336;%%",
}
@article{Borasoy:2000pq,
      author         = "Borasoy, B.",
      title          = "{The Electric dipole moment of the neutron in chiral
                        perturbation theory}",
      journal        = "Phys.Rev.",
      volume         = "D61",
      pages          = "114017",
      doi            = "10.1103/PhysRevD.61.114017",
      year           = "2000",
      eprint         = "hep-ph/0004011",
      archivePrefix  = "arXiv",
      primaryClass   = "hep-ph",
      SLACcitation   = "%%CITATION = HEP-PH/0004011;%%",
}
@article{Baker:2006ts,
      author         = "Baker, C.A. and Doyle, D.D. and Geltenbort, P. and Green,
                        K. and van der Grinten, M.G.D. and others",
      title          = "{An Improved experimental limit on the electric dipole
                        moment of the neutron}",
      journal        = "Phys.Rev.Lett.",
      volume         = "97",
      pages          = "131801",
      doi            = "10.1103/PhysRevLett.97.131801",
      year           = "2006",
      eprint         = "hep-ex/0602020",
      archivePrefix  = "arXiv",
      primaryClass   = "hep-ex",
      SLACcitation   = "%%CITATION = HEP-EX/0602020;%%",
}
@article{Appelquist:2013ms,
      author         = "Appelquist, T. and Brower, R.C. and Buchoff, M.I. and
                        Cheng, M. and Cohen, S.D. and others",
      title          = "{Lattice calculation of composite dark matter form
                        factors}",
      journal        = "Phys.Rev.",
      volume         = "D88",
      pages          = "014502",
      doi            = "10.1103/PhysRevD.88.014502",
      year           = "2013",
      eprint         = "1301.1693",
      archivePrefix  = "arXiv",
      primaryClass   = "hep-ph",
      reportNumber   = "LLNL-JRNL-608695, NT-LBL-13-002, UCB-NPAT-13-002, 
                        --FERMILAB-PUB-13-014-T",
      SLACcitation   = "%%CITATION = ARXIV:1301.1693;%%",
      
      }
      
      
      @article{Engel:2013lsa,
      author         = "Engel, Jonathan and Ramsey-Musolf, Michael J. and van
                        Kolck, U.",
      title          = "{Electric Dipole Moments of Nucleons, Nuclei, and Atoms:
                        The Standard Model and Beyond}",
      journal        = "Prog.Part.Nucl.Phys.",
      volume         = "71",
      pages          = "21-74",
      doi            = "10.1016/j.ppnp.2013.03.003",
      year           = "2013",
      eprint         = "1303.2371",
      archivePrefix  = "arXiv",
      primaryClass   = "nucl-th",
      SLACcitation   = "%%CITATION = ARXIV:1303.2371;%%",
}

@article{deVries:2011an,
      author         = "de Vries, J. and Higa, R. and Liu, C.-P. and Mereghetti,
                        E. and Stetcu, I. and others",
      title          = "{Electric Dipole Moments of Light Nuclei From Chiral
                        Effective Field Theory}",
      journal        = "Phys.Rev.",
      volume         = "C84",
      pages          = "065501",
      doi            = "10.1103/PhysRevC.84.065501",
      year           = "2011",
      eprint         = "1109.3604",
      archivePrefix  = "arXiv",
      primaryClass   = "hep-ph",
      SLACcitation   = "%%CITATION = ARXIV:1109.3604;%%",
}

@article{deVries:2011re,
      author         = "de Vries, J. and Mereghetti, E. and Timmermans, R.G.E.
                        and van Kolck, U.",
      title          = "{Parity- and Time-Reversal-Violating Form Factors of the
                        Deuteron}",
      journal        = "Phys.Rev.Lett.",
      volume         = "107",
      pages          = "091804",
      doi            = "10.1103/PhysRevLett.107.091804",
      year           = "2011",
      eprint         = "1102.4068",
      archivePrefix  = "arXiv",
      primaryClass   = "hep-ph",
      SLACcitation   = "%%CITATION = ARXIV:1102.4068;%%",
}

@article{deVries:2012ab,
      author         = "de Vries, J. and Mereghetti, E. and Timmermans, R.G.E.
                        and van Kolck, U.",
      title          = "{The Effective Chiral Lagrangian From Dimension-Six
                        Parity and Time-Reversal Violation}",
      journal        = "Annals Phys.",
      volume         = "338",
      pages          = "50-96",
      doi            = "10.1016/j.aop.2013.05.022",
      year           = "2013",
      eprint         = "1212.0990",
      archivePrefix  = "arXiv",
      primaryClass   = "hep-ph",
      SLACcitation   = "%%CITATION = ARXIV:1212.0990;%%",
}

@article{Bsaisou:2012rg,
      author         = "Bsaisou, J. and Hanhart, C. and Liebig, S. and Meissner,
                        U.-G. and Nogga, A. and others",
      title          = "{The electric dipole moment of the deuteron from the QCD
                        $\theta$-term}",
      journal        = "Eur.Phys.J.",
      number         = "3",
      volume         = "A49",
      pages          = "31",
      doi            = "10.1140/epja/i2013-13031-x",
      year           = "2013",
      eprint         = "1209.6306",
      archivePrefix  = "arXiv",
      primaryClass   = "hep-ph",
      SLACcitation   = "%%CITATION = ARXIV:1209.6306;%%",
}
@article{Shindler:StGoar,
      author         = "Shindler, A. ",
      title          = "Beyond the Standard model matrix elements with the gradient flow: the case of the nucleon electric dipole moment, Talk given at conference: Bound states in QCD and beyond Schlosshotel Rheinfels – St. Goar, Germany",
      journal        = "Beyond the Standard model matrix elements with the gradient flow: the case of the nucleon electric dipole moment, Talk given at conference: Bound states in QCD and beyond Schlosshotel Rheinfels – St. Goar, Germany",
      year           = "2015",
      SLACcitation   = "%%CITATION = ARXIV:1409.2735;%%",
}
@article{Shindler:Odense,
      author         = "Shindler, A. ",
      title          = "Beyond the Standard model matrix elements with the gradient flow: the case of the nucleon electric dipole moment, Talk given at conference: Lattice BSM Workshop CP3-Origins, SDU, Odense, Denmark",
      journal        = "Beyond the Standard model matrix elements with the gradient flow: the case of the nucleon electric dipole moment, Talk given at conference: Lattice BSM Workshop CP3-Origins, SDU, Odense, Denmark",
      year           = "2015",
      SLACcitation   = "%%CITATION = ARXIV:1409.2735;%%",
}

@article{Shindler:lat15,
      author         = "Shindler, A. ",
      title          = "Beyond the Standard model matrix elements with the gradient flow: the case of the nucleon electric dipole moment, Talk given at conference: Lattice 2015 – The XXXIII International Symposium on Lattice Field Theory – Kobe International Conference Center Kobe, Japan July 2015",
      journal        = "Beyond the Standard model matrix elements with the gradient flow: the case of the nucleon electric dipole moment, Talk given at conference: Lattice 2015 – The XXXIII International Symposium on Lattice Field Theory – Kobe International Conference Center Kobe, Japan July 2015",
      year           = "2015",
      SLACcitation   = "%%CITATION = ARXIV:1409.2735;%%",
}

@article{Shindler:cairns,
      author         = "Shindler, A. ",
      title          = "Beyond the Standard model matrix elements with the gradient flow: the case of the nucleon electric dipole moment, Talk given at conference: LHP V, 5th International Workshop on Lattice Hadron Physics Conference Centre of the Cairns Colonial Club Resort Cairns, QLD, Australia",
      journal        = "Beyond the Standard model matrix elements with the gradient flow: the case of the nucleon electric dipole moment, Talk given at conference: LHP V, 5th International Workshop on Lattice Hadron Physics Conference Centre of the Cairns Colonial Club Resort Cairns, QLD, Australia",
      year           = "2015",
      SLACcitation   = "%%CITATION = ARXIV:1409.2735;%%",
}

@article{Shindler:gwu,
      author         = "Shindler, A. ",
      title          = "Beyond the Standard model matrix elements with the gradient flow: the case of the nucleon electric dipole moment, Talk given at conference: George Washington University (GWU) Washington D.C., USA",
      journal        = "Beyond the Standard model matrix elements with the gradient flow: the case of the nucleon electric dipole moment, Talk given at conference: George Washington University (GWU) Washington D.C., USA",
      year           = "2015",
      SLACcitation   = "%%CITATION = ARXIV:1409.2735;%%",
}

@article{Shindler:umd,
      author         = "Shindler, A. ",
      title          = "Beyond the Standard model matrix elements with the gradient flow: the case of the nucleon electric dipole moment, Talk given at conference: University of Maryland, College Park (UMD) College Park, USA",
      journal        = "Beyond the Standard model matrix elements with the gradient flow: the case of the nucleon electric dipole moment, Talk given at conference: University of Maryland, College Park (UMD) College Park, USA",
      year           = "2015",
      SLACcitation   = "%%CITATION = ARXIV:1409.2735;%%",
}

@article{Shindler:llnl,
      author         = "Shindler, A. ",
      title          = "Beyond the Standard model matrix elements with the gradient flow: the case of the nucleon electric dipole moment, Talk given at conference: Lawrence Livermore National Laboratory (LLNL) Livermore, USA",
      journal        = "Beyond the Standard model matrix elements with the gradient flow: the case of the nucleon electric dipole moment, Talk given at conference: Lawrence Livermore National Laboratory (LLNL) Livermore, USA",
      year           = "2015",
      SLACcitation   = "%%CITATION = ARXIV:1409.2735;%%",
}

@article{Shindler:int,
      author         = "Shindler, A. ",
      title          = "Beyond the Standard model matrix elements with the gradient flow: the case of the nucleon electric dipole moment, Talk given at conference: Intersections of BSM Phenomenology and QCD for New Physics Searches Workshop “QCD for New Physics at the Precision Frontier” Institute fro Nuclear Theory (INT) Seattle, USA",
      journal        = "Beyond the Standard model matrix elements with the gradient flow: the case of the nucleon electric dipole moment, Talk given at conference: Intersections of BSM Phenomenology and QCD for New Physics Searches Workshop “QCD for New Physics at the Precision Frontier” Institute fro Nuclear Theory (INT) Seattle, USA",
      year           = "2015",
      SLACcitation   = "%%CITATION = ARXIV:1409.2735;%%",
}

@article{Shindler:bethe,
      author         = "Shindler, A. ",
      title          = "Beyond the Standard model matrix elements with the gradient flow: the case of the nucleon electric dipole moment, Talk given at conference: Bethe Workshop 2015 “Challenges in Strong Interaction Physics” Physikzentrum Bad Honnef Bad Honnef, Germany",
      journal        = "Beyond the Standard model matrix elements with the gradient flow: the case of the nucleon electric dipole moment, Talk given at conference: Bethe Workshop 2015 “Challenges in Strong Interaction Physics” Physikzentrum Bad Honnef Bad Honnef, Germany",
      year           = "2015",
      SLACcitation   = "%%CITATION = ARXIV:1409.2735;%%",
}

@article{Shindler:FZJ,
      author         = "Shindler, A. ",
      title          = "Beyond the Standard model matrix elements with the gradient flow: the case of the nucleon electric dipole moment, Talk given at conference: Institut f{\"u}r Kernphysik – Forschungszentrum J{\"u}lich – J{\"u}lich, Germany",
      journal        = "Beyond the Standard model matrix elements with the gradient flow: the case of the nucleon electric dipole moment, Talk given at conference: Institut f{\"u}r Kernphysik – Forschungszentrum J{\"u}lich – J{\"u}lich, Germany",
      year           = "2015",
      SLACcitation   = "%%CITATION = ARXIV:1409.2735;%%",
}



@article{deVries:slo,
      author         = "de Vries, J. ",
      title          = "Probing CP violation in and beyond the Standard Model, Talk given at: Jozef-Stefan Institute, Ljublijana, Slovenia",
      journal        = "Probing CP violation in and beyond the Standard Model, Talk given at: Jozef-Stefan Institute, Ljublijana, Slovenia",
      year           = "2015",
      SLACcitation   = "%%CITATION = ARXIV:1409.2735;%%",
}

@article{deVries:int,
      author         = "de Vries, J. ",
      title          = "EDMs and chiral effective field theory, Plenary at: QCD and the search for BSM physics, INT, Seattle, USA",
      journal        = "EDMs and chiral effective field theory, Plenary at: QCD and the search for BSM physics, INT, Seattle, USA",
      year           = "2015",
      SLACcitation   = "%%CITATION = ARXIV:1409.2735;%%",
}

@article{deVries:amh1,
      author         = "de Vries, J. ",
      title          = "Interpretation of Electric Dipole Moments of Complex Systems, Plenary at: International Workshop on Baryon {\&} Lepton Number Violation, Amhurst, USA",
      journal        = "Interpretation of Electric Dipole Moments of Complex Systems, Plenary at: International Workshop on Baryon {\&} Lepton Number Violation, Amhurst, USA",
      year           = "2015",
      SLACcitation   = "%%CITATION = ARXIV:1409.2735;%%",
}

@article{deVries:amh2,
      author         = "de Vries, J. ",
      title          = "Connecting CP Violation from the TeV to GeV Scale, Talk given at: Hadronic Matrix Elements for Probes of CP Violation, Amhurst, USA",
      journal        = "Connecting CP Violation from the TeV to GeV Scale, Talk given at: Hadronic Matrix Elements for Probes of CP Violation, Amhurst, USA",
      year           = "2015",
      SLACcitation   = "%%CITATION = ARXIV:1409.2735;%%",
}
@article{Luu:2015rev,
      author         = "Luu, T. and Shindler, A.",
      title          = "{Lattice Quantum Chromodynamics: Symmetries and Applications}",
      year           = "2015",
      SLACcitation   = "%%CITATION = ARXIV:1509.07331;%%"
}
