@Book{helgaker2002,
author            ={T. ~Helgaker and P. ~J\o rgensen and J. ~Olsen},
title             ={Molecular Electronic-Structure Theory},
publisher         ={(John Wiley \& Sons, Inc.},
address           ={},
year              ={2002)}
}
@Book{fulde1995,
author            ={P. ~Fulde},
title             ={Electron Correlations in Molecules and Solids},
publisher         ={(Springer},
address           ={},
year              ={1995)}
}
@Book{rottmann2003,
author            ={K. ~Rottmann},
title             ={Matematisk formelsamling},
publisher         ={(Spektrum forlag},
address           ={},
year              ={2003)}
}
@Book{atkins2003,
author            ={P.~W.~Atkins and R.~S.~Freidman},
title             ={Molecular Quantum Mechanics},
publisher         ={(Oxford Univerity Press},
address           ={},
year              ={2003)}
}

@Book{hammond1994,
author            ={B.~L.~Hammond and W.~A.~Lester Jr. and P.~J.~Reynolds},
title             ={Monte Carlo Methods in Ab Initio Quantumn Chemistry},
publisher         ={(World Scientific},
address           ={},
year              ={1994)}
}

@Book{hemmer1980,
author            ={P.~C.~Hemmer},
title             ={Kvantemekanikk},
publisher         ={(Tapir},
address           ={},
year              ={1980)}
}

@Book{shankar1994,
author            ={R.~Shankar},
title             ={Principles of Quantum Mechanics, Second Edition},
publisher         ={(Plenum Press},
address           ={},
year              ={1994)}
}

@Book{ram_mohan2002,
author            ={L. ~Ramdas ~Ram-Mohan},
title             ={Finite Element and Boundary Element Applications in Quantumn Mechanics}, 
publisher         ={(Oxford University Press},
address           ={},
year              ={2002)}
}

@Book{bransden1983,
author            ={B.~H.~Bransden and C.~J.~Joachain},
title             ={Physics of Atoms and Molecules}, 
publisher         ={(Longman Group Ltd},
address           ={},
year              ={1983)}
}

@Book{rohlf1994,
author            ={J. ~W. ~Rohlf},
title             ={Modern Physics from $\alpha$ to $Z^0$}, 
publisher         ={(John Wiley \& Sons, Inc.},
address           ={},
year              ={1994)}
}

@PhdThesis{kent1999,
author            ={P. ~R. ~C. ~Kent},
title             ={Techniques and Applications of Qunatum Monte Carlo}, 
publisher         ={(Robinson College, Cambridge},
year              ={1999)}
}

@Book{Newman1999,
author            ={M. ~E. ~J.~ Newman and G. ~T. ~Barkema},
title             ={Monte Carlo Methods in Statistical Physics}, 
publisher         ={(Oxford University Press},
address           ={},
year              ={1999)}
}

@Article{kato1957,
author            ={T. ~Kato},
title             ={}, 
journal           ={Comm. Pure Appl. Math},
pages             ={151},
volume            ={{\bf 10}},
number            ={},
year              ={1957}
}

@Article{hohenberg1964,
author            ={P. ~Hohenberg and W. ~Kohn},
title             ={Inhomogeneous Electron Gas}, 
journal           ={Phys. Rev. B},
pages             ={864},
volume            ={{\bf 136}},
number            ={},
year              ={1964}
}

@Article{clementi1974,
author            ={E. ~Clementi and C. ~ROETTI},
title             ={Roothaan-Hartree-Fock Atomic Wavefunctions}, 
journal           ={Atomic Data and Nuclear Data Tables},
pages             ={177},
volume            ={{\bf 14}},
number            ={},
year              ={1974}
}

@Article{clementi1963,
author            ={E. ~Clementi and D. ~L. ~Raimondi},
title             ={Atomic screening constants from SCF functions}, 
journal           ={J. Chem. Phys.},
pages             ={2686},
volume            ={{\bf 38}},
number            ={},
year              ={1963}
}

@Article{metropolis1953,
author            ={N. ~Metropolis and A.~W. ~Rosenbluth and M.~N. ~Rosenbluth and A.~H. ~Teller and E. ~Teller},
title             ={Equation of State Calculations by Fast Computing Machines}, 
journal           ={J. Chem. Phys.},
pages             ={1087},
volume            ={{\bf 21}},
number            ={},
year              ={1953}
}


@Article{breit1930,
author            ={G. ~Breit},
title             ={Seperation of angles in the two-electron problem}, 
journal           ={Phys. Rev.},
pages             ={569},
volume            ={{\bf 35}},
number            ={},
year              ={1930}
}

@Article{shertzer1985,
author            ={F. ~S. ~Levin and J. ~Shertzer},
title             ={Finite-element solution of the Schr\o dinger equation for the helium ground state}, 
journal           ={Phys. Rev.A},
pages             ={3285},
volume            ={{\bf 32}},
number            ={},
year              ={1985}
}

@Article{shertzer1990,
author            ={J. ~Shertzer},
title             ={Solution of three-body Columb problems for J=0}, 
journal           ={Phys. Rev.A},
pages             ={2531},
volume            ={{\bf 43}},
number            ={},
year              ={1990}
}

@Article{ackermann1995,
author            ={J. ~Ackermann},
title             ={Finite-element-method expectation values for the correlated two-electron wave function}, 
journal           ={Phys. Rev. A},
pages             ={1968},
volume            ={{\bf 52}},
number            ={},
year              ={1995}
}


@Article{schmidt1990,
author            ={K.~E.~Schmidt and C.~J.~Umrigar},
title             ={}, 
journal           ={J. Chem. Phys.},
pages             ={4172},
volume            ={{\bf 105}},
number            ={},
year              ={}
}


@Article{dineykhan1997,
author            ={M.~Dineykhan and R.~G.~Nazmitdinov},
title             ={Two-electron quantum dot in a magnetic field: Analytical results}, 
journal           ={Phys. Rev. B},
pages             ={13707},
volume            ={{\bf 55}},
number            ={},
year              ={1997}
}

@Article{coldwell1997,
author            ={S.~A.~Alexander and R.~L.~Coldwell},
title             ={Atomic wave-function forms}, 
journal           ={Int. J. Quant Chem},
pages             ={1001},
volume            ={{\bf 63}},
number            ={},
year              ={1997}
}


@MastersThesis{popsueva2004,
author            ={V.~Popsueva},
title             ={Quantum Dots - A Monte Carlo Simulation}, 
publisher         ={Master's Thesis, University of Oslo},
year              ={2004}
}

@Unpublished{fys210,
  author = 	 {M.~Hjorth-Jensen},
  title = 	 {Computational Physics},
  note = 	 {Lecture notes}
}
