@Inbook{Groenmo:2007,
	author    = "Grønmo, Sigmund",
	crossref  = "Holter:2007",
	title     = "Forholdet mellom kvalitative og kvantitative tilnærminger i samfunnsforskningen",
     	pages     = "73-108",
}

@Inbook{Brandth:2007,
	author    = "Brandth, Berit",
	crossref  = "Holter:2007",
     	title     = "Gruppeintervju: perspektiv, relasjoner og kontekst",
     	pages     = "145-165",
}

@Inbook{Solberg:2007,
	author    = "Solberg, Anne",
	crossref  = "Holter:2007",
     	title     = "Erfaringer fra feltarbeid",
     	pages     = "130-144",
}

@Inbook{Holter_artikkel:2007,
	author    = "Holter, Harriet",
	crossref  = "Holter:2007",
     	title     = "Fra kvalitative metoder til kvalitativ samfunnsforskning",
     	pages     = "9-25",
}

@Inbook{Kalleberg:2007,
	author    = "Kalleberg, Ragnvald",
	crossref  = "Holter:2007",
     	title     = "Forskningsopplegget og samfunnsforskningens dobbeltdialog",
     	pages     = "26-72",
}

@Inbook{Leiulfsrud:2007,
	author    = "Leiulfsrud, Håkon and Hvinden, Bjørn",
	crossref  = "Holter:2007",
     	title     = "Analyse av kvalitative data: Fiksérbilde eller puslespill?",
     	pages     = "220-239",
}

@Inbook{Kleven:2002,
	author    = "Kleven, Thor Arnfinn",
     	title     = "Innføring i pedagogisk forskningsmetode. En hjelp til kritisk tolkning og vurdering",
     	chapter   = "4: Statistikk",
	publisher = "Unipub",
	year	  = "2002",
}

@Inbook{Lund:2002,
	author    = "Lund, Thorleif",
     	title     = "Innføring i forskningsmetodologi",
     	chapter   = "3: Metodologiske prinsipper og referanserammer",
	publisher = "Unipub",
	year	  = "2002",
}

@Inbook{Mortimer:2000,
	author    = "Mortimer, Eduardo and Scott, Phil",
	crossref  = "Millar:2000",
     	title     = "Analysing discourse in the science classroom",
     	pages     = "126-142",
}

@Book{Millar:2000,
	editor	= "Millar, Robin and Leach, John and Osborne, Jonathan",
	title	= "Improving Science Education -- the contribution of research",
	publisher = "Buckingham and Philadelphia: Open University Press",
	year	= "2000",
}


@Book{Holter:2007,
	editor	= "Holter, Harriet and Kalleberg, Ragnvald",
	title	= "Kvalitative metoder i samfunnsforskning",
	publisher = "Oslo: Universitetsforlaget",
	year	= "2007",
	edition = "2",
}

@Book{Bakhtin:2008,
	author	= "Bakhtin, Mikhail",
	title	= "Latter og dialog -- Utvalgte skrifter",
	publisher = "Oslo: Cappelen Akademisk Forlag",
	year	= "2008",
	note	= "Oversatt til norsk av Audun Johannes Mørch",
}

@Book{Bokmaal:2005,
	editor	= "Wangensteen, Boye",
	title	= "Bokmålsordboka",
	publisher = "Kunnskapsforlaget",
	year	= "2005",
	edition = "3",
}

@Book{Morgan:1988,
	author	= "Morgan, David L.",
	title	= "Focus Groups as Qualitative Research",
	publisher = "London: Sage Publications",
	year	= "1988",
}

@Book{Lie:2010,
	author	= "Lie, Svein and Angell, Carl and Rohatgi, Anubha",
	title	= "Fysikk i fritt fall?",
	publisher = "Oslo: Unipub",
	year	= "2010",
}

@Book{Krueger:1994,
	author	= "Krueger, Richard A.",
	title	= "Focus Groups: A Practical Guide for Applied Research",
	publisher = "London: Sage Publications",
	year	= "1994",
	edition	= "2",
}

@Book{Robson:2002,
	author	= "Robson, Colin",
	title	= "Real world research",
	publisher = "Oxford: Blackwell publishing",
	year	= "2002",
	edition	= "2",
}

@Book{Imsen:2007,
	author	= "Imsen, Gunn",
	title	= "Lærerens verden - Innføring i generell didaktikk",
	publisher = "Oslo: Universitetsforlaget",
	year	= "2007",
	edition = "3",
}

@Book{Imsen:2003,
	author	= "Imsen, Gunn",
	title	= "Elevens verden -- innføring i pedagogisk psykologi",
	publisher = "Oslo: Universitetsforlaget",
	year	= "2003",
	edition = "3",
}

@Book{Lincoln:1985,
	author	= "Lincoln, Yvonna S. and Guba, Egon G.",
	title	= "Naturalistic Inquiry",
	publisher = "London: Sage Publications",
	year	= "1985",
}

@Mastersthesis{Guttersrud:2001,
	author	= "Guttersrud, Øystein",
	title	= "Det er ikke lett å diskutere med venner som ikke vet at ting faller like fort",
	school	= "Oslo: Universitetet i Oslo",
	year	= "2001",
	month	= "Oktober",
}

@Mastersthesis{Raen:2008,
	author	= "Raen, Kristina",
	title	= "Å lære mekanikk ved bruk av et elektronisk ``Personal Response System''",
	school	= "Oslo: Universitetet i Oslo",
	year	= "2008",
	month	= "Juli",
}

@Book{JTK:2007,
	author	= "Johannesen, Asbjørn and Tufte, Per Arne and Kristoffersen, Line",
	title	= "Introduksjon til samfunnsvitenskapelig metode",
	publisher = "Oslo: Abstrakt forlag",
	year	= "2007",
	edition = "3",
}

@Book{Eikemo:2007,
	editor	= "Eikemo, Terje Andreas and Clausen, Tommy Høyvarde",
	title	= "Kvantitativ analyse med SPSS",
	publisher = "Trondheim: Tapir akademisk forlag",
	year	= "2007",
	edition = "1",
}

@Book{Exphil_tekster:2005,
	editor	= "Ariansen, Per and Bostad, Inga and Rabbås, Øyvind and Mathisen, Steinar",
	title	= "Exphil 1 -- Tekster i filosofi- og vitenskapshistorie",
	publisher = "Unipub",
	year	= "2005",
	note	= "Til bruk i vårsemesteret 2005",
}

@Book{Exphil_laerebok:2005,
	editor	= "Ariansen, Per and Bostad, Inga and Rabbås, Øyvind and Mathisen, Steinar",
	title	= "Lærebok i filosofi og vitenskapshistorie",
	publisher = "Unipub",
	year	= "2005",
	note	= "Til bruk i vårsemesteret 2005",
}

@Inbook{Skjervheim:2005,
	author    = "Skjervheim, Hans",
	crossref  = "Exphil_tekster:2005",
     	title     = "Deltakar og tilskodar",
     	pages     = "215-225",
}

@Book{Dysthe_bok:2006,
	editor	= "Dysthe, Olga",
	title	= "Dialog, samspel og l\ae ring",
	publisher = "Oslo: Abstrakt forlag",
	year	= "2006",
}

@Book{Dysthe_bok2:2006,
	editor	= "Dysthe, Olga",
	title	= "Ulike perspektiv på l\ae ring og l\ae ringsforskning",
	publisher = "Oslo: Cappelen Akademisk Forlag",
	year	= "2005",
}

@Inbook{Dysthe:2006,
	author    = "Dysthe, Olga",
	crossref  = "Dysthe_bok:2006",
     	title     = "Sosiokulturelle teoriperspektiv på kunnskap og l\ae ring",
     	pages     = "33-72",
}

@Inbook{Dysthe:2006b,
	author    = "Dysthe, Olga and Ingland, Mari-Ann",
	crossref  = "Dysthe_bok:2006",
     	title     = "Sosiokulturelle teoriperspektiv på kunnskap og l\ae ring",
     	pages     = "73-90",
}

@Inbook{Ingland:2006,
	author    = "Ingland, Mari-Ann and Dysthe, Olga",
	crossref  = "Dysthe_bok:2006",
     	title     = "{M}ikhail {B}akhtin og sosiokulturell teori",
     	pages     = "107-127",
}

@Inbook{Bostad:2005,
	author    = "Bostad, Inga and Rabbås, Øyvind",
	crossref  = "Exphil_laerebok:2005",
     	title     = "Menneskevitenskapene",
     	pages     = "177-191",
}


@Book{Braaten_bok:2008,
	editor	= "Bråten, Ivar",
	title	= "Vygotsky i pedagogikken",
	publisher = "Oslo: Cappelen Akademisk Forlag",
	year	= "2008",
}

@Inbook{Braaten:2008a,
	author    = "Bråten, Ivar",
	crossref  = "Braaten_bok:2008",
     	title     = "Om {V}ygotskys liv og lære",
     	pages     = "13-42",
}

@Inbook{Braaten:2008b,
	author    = "Bråten, Ivar",
	crossref  = "Braaten_bok:2008",
     	title     = "Vygotsky som forløper for metakognitiv teori",
     	pages     = "74-96",
}

@Inbook{Braaten:2008c,
	author    = "Bråten, Ivar and Thurmann-Moe, Anne Cathrine",
	crossref  = "Braaten_bok:2008",
     	title     = "Den nærmeste utviklingssonen som utgangspunkt for pedagogisk praksis",
     	pages     = "123-143",
}

@Inbook{Oezerk:2008,
	author    = "Øzerk, Kamil Z.",
	crossref  = "Braaten_bok:2008",
     	title     = "Ulike språkoppfatninger, begrepskategorier og et undervisningsteoretisk perspektiv på skolefaglig læring",
     	pages     = "97-122",
}

@Book{Vygotskij:1978,
	author	= "Vygotsky, Lev S.",
	title	= "Mind in Society",
	publisher = "Cambridge, MA: Harvard University Press",
	year	= "1978",
}

@Book{Vygotskij:2008,
	author	= "Vygotskij, Lev S.",
	title	= "Tenkning og tale",
	publisher = "Oslo: Gyldendal Akademisk",
	year	= "2008",
}

@Book{Vygotskij:1997,
	author	= "Vygotsky, Lev S.",
	title	= "Educational Psychology",
	publisher = "Florida: St. Lucie Press",
	year	= "1992",
}

@Book{Mortimer:2003,
	author	= "Mortimer, Eduardo F. and Scott, Philip H.",
	title	= "Meaning Making in Secondary Science Classrooms",
	publisher = "Maidenhead and Philadelphia: Open University Press",
	year	= "2003",
}

@Book{Mazur:1997,
	author	= "Mazur, Eric",
	title	= "Peer Instruction",
	publisher = "Upper Saddle River, NJ: Prentice Hall",
	year	= "1997",
}

@Book{Novak:1999,
	author	= "Novak, Gregor M. and Patterson, Evelyn T. and Garvin, Andrew D. and Christian, Wolfgang",
	title	= "Just-In-Time-Teaching",
	publisher = "Upper Saddle River, NJ: Prentice Hall",
	year	= "1999",
}

@Book{Steward:2007,
	author	= "Steward, David W. and Shamdasani, Prem N. and Rook, Dennis W.",
	title	= "Focus Groups - Theory and Practice",
	publisher = "London: Sage publications",
	year	= "2007",
	edition = "2",
	series	= "Applied Social Research Methods",
	volume	= "20",
}

@Book{Field:2005,
	author	= "Field, Andy",
	title	= "Discovering statistics using SPSS",
	publisher = "London: Sage publications",
	year	= "2005",
	edition = "2",
}

@Book{Langtangen:2008,
	author	= "Langtangen, Hans Petter",
	title	= "Python Scripting for Computational Science",
	publisher = "Springer",
	year	= "2008",
	edition = "3",
}

@Article{Taylor:2006,
	author 	= "Taylor, Jamie R. and King III, B. Alex",
	title 	= "Using Computational Methods to Reinvigorate an Undergraduate Physics Curriculum",
	journal = "Computing in Science \& Engineering",
	year 	= "2006",
	month 	= "September/Oktober",
	pages 	= "38-43",
}

@Article{Landau_cise:2006,
	author 	= "Landau, Rubin",
	title 	= "Computational Physics -- A Better Model for Physics Education?",
	journal = "Computing in Science \& Engineering",
	year 	= "2006",
	month 	= "September/Oktober",
	pages 	= "22-30",
}

@Article{Muller:2008,
	author 	= "Muller, D.A. and Bewes, J. and Sharma, M.D. and Reimann, P.",
	title 	= "Saying the wrong thing: improving learning with multimedia by including misconceptions",
	journal = "Journal of Computer Assisted Learning",
	year 	= "2008",
	pages 	= "144-155",
	edition = "24",
}

@Article{Olsen:2000,
	author 	= "Olsen, Rolf V. and Turmo, Are",
	title 	= "Fysikkdidaktikk -- en mulig beskrivelse",
	journal = "Fra fysikkens verden",
	year 	= "2000",
	pages 	= "14-22",
	volume  = "62",
	edition = "1",
}

@Article{Wells:2007,
	author 	= "Wells, Gordon",
	title 	= "Semiotic Mediation, Dialogue and the Construction of Knowledge",
	journal = "Human Development",
	year 	= "2007",
	pages 	= "244-274",
	edition = "50",
}

@Article{Kikas:2003,
	author 	= "Kikas, Eve",
	title 	= "University Students' Conceptions of Different Physical Phenomena",
	journal = "Journal of Adult Development",
	year 	= "2003",
	pages 	= "139-150",
}

@Article{Hestenes:1985,
	author 	= "Halloun, Ibrahim Abou and Hestenes, David",
	title 	= "Common sense concepts about motion",
	journal = "Am. J. Phys.",
	year 	= "1985",
	month 	= "November",
	edition	= "53",
}

@Article{Hestenes:1992,
	author 	= "Hestenes, David and Wells, Malcolm and Swackhamer, Gregg",
	title 	= "Force Concept Inventory",
	journal = "The Physics Teacher",
	year 	= "1992",
	month 	= "March",
	volume	= "30",
	pages 	= "141-158"
}

@Article{Gautreau:1997,
	author 	= "Gautreau, Ronald and Novemsky, Lisa",
	title 	= "Concepts first -- A small group approach to physics learning",
	journal = "Am. J. Phys.",
	year 	= "1997",
	month 	= "May",
	edition	= "65",
}

@Article{Yasar:2000,
	author 	= "Yasar, Osmand and Rajasethuparhy, Kulathur S. and Tuzun, Robert E. and McCoy, R. Alan and Harkin, Joseph",
	title 	= "A New Perspective on Computational Science Education",
	journal = "Computing in Science \& Engineering",
	year 	= "2000",
	month 	= "September/Oktober",
	pages 	= "74-79",
}

@Article{Oliphant:2007,
	author 	= "Oliphant, Travis E.",
	title 	= "Python for Scientific Computing",
	journal = "Computing in Science \& Engineering",
	year 	= "2007",
	month 	= "Mai/Juni",
	pages 	= "10-20",
}

@Article{Johnston:2006,
	author 	= "Johnston, Marty",
	title 	= "Implementing Curricular Change",
	journal = "Computing in Science \& Engineering",
	year 	= "2006",
	month 	= "September/Oktober",
	pages 	= "32-37",
}

@Article{Fuller:2006,
	author 	= "Fuller, Robert G.",
	title 	= "Numerical Computations in {US} Undergraduate Physics Courses",
	journal = "Computing in Science \& Engineering",
	year 	= "2006",
	month 	= "September/Oktober",
	pages 	= "16-21",
}

@Article{Roos:2006,
	author 	= "Oliphant, Travis E.",
	title 	= "An Incremental Approach to Computational Physics Education",
	journal = "Computing in Science \& Engineering",
	year 	= "2006",
	month 	= "September/Oktober",
	pages 	= "44-50",
}

@Article{Yasar:2004,
	author 	= "Yasar, Osman",
	title 	= "Computational Math, Science and Technology: A New Pedagogical Approach to Math and Science Education",
	journal = "Lecture Notes in Computer Science, Springer-Verlag",
	year 	= "2004",
	pages 	= "807-816",
}

@Article{Yasar:2003,
	author 	= "Yasar, Osman and Landau, Rubin H.",
	title 	= "Elements of Computational Science and Engineering Education",
	journal = "Society for Industrial and Applied Mathematics",
	year 	= "2003",
	volume	= "45",
	pages 	= "787-805",
}

@Article{Myers:2007,
	author 	= "Myers, Christopher R. and Sethna, James P.",
	title 	= "Python for Education",
	journal = "Computing in Science \& Engineering",
	year 	= "2007",
	month 	= "Mai/Juni",
	pages 	= "75-79",
}

@Article{Chenglie:2007,
	author 	= "Hu, Chenglie",
	title 	= "Integrating Modern Research Into Numerical Computation Education",
	journal = "Computing in Science \& Engineering",
	year 	= "2007",
	month 	= "September/Oktober",
	pages 	= "78-81",
}

@Article{Wing:2008,
	author 	= "Wing, Jeanette M.",
	title 	= "Computational thinking and thinking about computing",
	journal = "Phil. Trans. R. Soc. A",
	year 	= "2008",
	month 	= "Juli",
	pages 	= "3717-3725",
}

@Article{Easton:2006,
	author 	= "Easton, Thomas A.",
	title 	= "Beyond the Algorithmization of the Sciences",
	journal = "Communications of the ACM",
	year 	= "2006",
	month 	= "Mai",
	pages 	= "31-34",
	volume 	= "49"
}

@Article{Wing:2006,
	author 	= "Wing, Jeannette M.",
	title 	= "Computational Thinking",
	journal = "Communications of the ACM",
	year 	= "2006",
	month 	= "Mars",
	pages 	= "33-35",
	volume 	= "49",
}

@Article{Angell:2004,
	author 	= "Angell, Carl and Guttersrud, Øystein and Eriksen, Ellen K. and Isnes, Anders",
	title 	= "Physics: Frightful, But Fun",
	journal = "Wiley InterScience",
	year 	= "2004",
	month 	= "Juni",
	pages 	= "683-706",
}

@Article{Angell_proceedings:2004,
	author 	= "Angell, Carl",
	title 	= "Exploring students' intuitive ideas based on physics items in {TIMSS} -- 1995",
	journal = "Proceedings of the IEA International Research Conference IRC-2004, Cyprus",
	year 	= "2004",
}

@Article{Henriksen:submitted,
	author 	= "Henriksen, Ellen K. and Angell, Carl",
	title 	= "The role of ``talking physics'' for students working with peer response questions",
	journal = "Physics Education",
	year 	= "in press",
}

@Article{Angell:2007,
	author 	= "Angell, Carl and Henriksen, Ellen K. and Kind, Per Morten",
	title 	= "FYS21 -- et prosjekt om modellering og vitenskapelig arbeids- og tenkemåte i fysikkundervisningen",
	journal = "NorDiNa",
	year 	= "2007",
}

@Article{Angell:2008,
	author 	= "Angell, Carl and Kind, Per Morten and Eriksen, Ellen K. and Guttersrud, Øystein",
	title 	= "An empirical-mathematical modelling approach to upper secondary physics",
	journal = "Physics Education",
	year 	= "2008",
	edition	= "43",
	month	= "Mai",
	pages 	= "256-264",
}

@Article{Erickson:2006,
	author 	= "Erickson, Tim",
	title 	= "Stealing from physics: modeling with mathematical functions in data-rich contexts",
	journal = "Teaching mathematics and its applications",
	year 	= "2006",
	edition	= "25",
	month	= "September",
	pages 	= "23-32",
}

@Article{Futschek:2006,
	author 	= "Futschek, Gerald",
	title 	= "Algorithmic Thinking: The Key for Understanding Computer Science",
	journal = "Lecture Notes in Computer Science",
	year 	= "2006",
	edition = "4226",
	pages 	= "159-168",
}

@Article{Kubli:2005,
	author 	= "Kubli, Fritz",
	title 	= "Science Teaching as a Dialogue -- {B}akhtin, {V}ygotsky and some Applications in the Classroom",
	journal = "Science \& Education",
	year 	= "2005",
	edition = "14",
	pages 	= "501-534",
}

@Article{Gilbert:2004,
	author 	= "Gilbert, John K.",
	title 	= "Models and modelling: Routes to a more authentic science education",
	journal = "International Journal of Science and Mathematics Education",
	year 	= "2004",
	pages 	= "115-130",
}

@Article{Sins:2005,
	author 	= "Sins, Patrick H. M. and Savelsbergh, Elwin R and Joolingen, Wouter R. van",
	title 	= "The Difficult Process of Scientific Modelling: An analysis of novices' reasoning during computer-based modelling",
	journal = "International Journal of Science Education",
	year 	= "2005",
	month 	= "November",
	volume  = "27",
	pages 	= "1695-1721",
}

@Article{Driver:1994,
	author 	= "Driver, Rosalind and Asoko, Hilary and Leach, John and Mortimer, Eduardo and Scott, Philip",
	title 	= "Constructing Scientific Knowledge in the Classroom",
	journal = "Educational Researcher",
	year 	= "1994",
	volume	= "23",
	pages 	= "5-12",
}

@Article{Ingerman:2007,
	author 	= "Ingerman, Åke and Booth, Shirley and Linder, Cedric",
	title 	= "Learning physics as a whole -- On supporting students making sense of their studies",
	journal = "NorDiNa",
	year 	= "2007",
	pages 	= "163-174",
}


@Inbook{Gear:1990,
	author 	= "Gear, C. W. and Skeel, R. D.",
	title 	= "The Development of ODE Methods: A Symbiosis between Hardware and Numerical Analysis",
	crossref = "Nash:1990",
	pages 	= "88-105",
}

@Book{Postholm:2005,
	author	= "Postholm, May Britt",
	title	= "Kvalitativ metode - En innføring med fokus på fenomenologi, etnografi og kasusstudier",
	publisher = "Oslo: Universitetsforlaget",
	year	= "2005",
}

@Book{Nash:1990,
	author	= "Nash, Stephen G.",
	title	= "A History of Scientific Computing",
	publisher = "ACM PRESS",
	year	= "1990",
}

@Book{Kuhn:2002,
	author	= "Kuhn, Thomas S.",
	title	= "Vitenskapelige revolusjoners struktur",
	publisher = "Spartacus",
	year	= "2002",
}

@Book{Osborne:2001,
	author	= "Wellington, Jerry and Osborne, Jonathan",
	title	= "Language and literacy in science education",
	publisher = "Maidenhead and New York: Open University Press",
	year	= "2001",
}

@Book{Vedeler:2000,
	author	= "Vedeler, Liv",
	title	= "Observasjonsforskning i pedagogiske fag",
	publisher = "Oslo: Gyldendal Akademisk",
	year	= "2000",
}

@Book{Sjoeberg:2005,
	author	= "Sjøberg, Svein",
	title	= "Naturfag som allmenndannelse - En kritisk fagdidaktikk",
	publisher = "Oslo: Gyldendal Akademisk",
	year	= "2005",
	edition = "2",
}

@Book{Sjoeberg:2003,
	editor	= "Sjøberg, Svein",
	title	= "Fagdebatikk - Fagdidaktisk innføring i sentrale skolefag",
	publisher = "Oslo: Gyldendal Akademisk",
	year	= "2003",
	edition = "1",
}

@phdthesis{Dolin:2002,
	author 	= "Dolin, Jens",
	title 	= "Fysikfaget i forandring",
	year 	= "2002",
	school  = "Roskilde University"
}

@Unpublished{Landau:2008-03,
	author 	= "Landau, Rubin H.",
	title 	= "What to Teach? {C}omputational Science as an Improved Model for Science Education",
	year 	= "(submitted)",
	month 	= "Mars",
}

@Misc{CMA_CSE,
	author 	= "CMA",
	title	= "Prosjektbeskrivelse for ``Computers in Science Education''",
	note 	= "Nettside: \texttt{http://www.cma.uio.no/projects/collaborative/cse.html}",
	month	= "Januar",
	year	= "2009",
}

@Misc{CHM,
	author 	= "Computer History Museum, CHM",
	title	= "A Brief History",
	note 	= "Nettside: \\ \texttt{http://www.computerhistory.org/babbage/history/}",
	month	= "Februar",
	year	= "2009",	
}

@Misc{CST,
	author 	= "Landau, Rubin",
	title	= "Computational Scientific Thinking",
	note 	= "Nettside:\\ \url{http://www.physics.orst.edu/~rubin/COURSES/CompThink/index.html}",
	month	= "Oktober",
	year	= "2009",	
}

@Misc{scitools,
	author 	= "Langtangen, Hans Petter and Ring, Johannes and Wilbers, Ilmar and Bredesen, Rolv",
	title	= "scitools -- Python for scientific computing",
	note 	= "Nettside: \\ \texttt{http://code.google.com/p/scitools/}",
	month	= "April",
	year	= "2009",	
}

@Misc{StatoilHydro,
	author 	= "StatoilHydro, ASA",
	title	= "Fakta om Sleipner-området",
	note 	= "Nettside: \\ \texttt{http://www.statoilhydro.com}",
	month	= "April",
	year	= "2009",	
}

@Misc{Vilje-con-valg,
	author 	= "Naturfagsenteret",
	title	= "Vilje-con-valg",
	note 	= "Nettside: \\ \texttt{http://www.naturfagsenteret.no/vilje-con-valg/}",
	month	= "April",
	year	= "2009",	
}

@Article{Bjoerstad:1997,
	author 	= "Bjørstad, Petter E.",
	title	= "Computational Science, en tredje vei for forskning",
	month	= "November",
	year	= "1997",
	Note	= "In UiB student paper QED",
        Journal = "QED",
	note	= "Nettside: \url{http://www.ii.uib.no/~petter/reports/qed97.pdf.gz}",
}

@Misc{Hjorth-Jensen:2008,
	author 	= "Hjorth-Jensen, Morten",
	title	= "Lecture Notes in Computational Physics",
	note	= "Oslo: Universitetet i Oslo",
	year	= "2008",
}

@article{Vistnes:2008,
	author 	= "Vistnes, Arnt Inge and Hjorth-Jensen, Morten",
	title	= "Numerical Methods as an Integrated Part of Physics Education",
	journal = "{\tt arXiv:physics/0505116v1  [physics.ed-ph]}",
	month	= "Mai",
	year	= "2005",	
}

@Misc{Stortingsmelding14,
	author 	= "Kunnskapsdepartementet, Regjeringen Stoltenberg II",
	title	= "Stortingsmelding nr. 14: Internasjonalisering av utdanning",
	note 	= "Nettadresse: \texttt{http://www.regjeringen.no/ \\ pages/2152661/PDFS/STM200820090014000DDDPDFS.pdf}",
	year	= "2009",	
}