@misc{Hansen15,
		Author = "A.S. Hansen",
		title = "\emph{Coupled cluster studies of infinite systems} (Master's thesis)", University of Oslo,
		year="2015"}
		
		\bibitem{Holmen16}
		F.W. Holmen,
		\emph{A Study of Coupled-Cluster Methods for Infinite Matter} (Master's thesis), University of Oslo, 2016
		
		\bibitem{ShavittBartlett09}
		I. Shavitt and R.J. Bartlett,
		\emph{Many-Body Methods in Chemistry and Physics}, Cambridge University Press, 2009
		
		\bibitem{PeskinSchroeder}
		M.E. Peskin and D.V. Schroeder, \emph{An Introduction to Quantum Field Theory}, Westview Press, 1995
		
		\bibitem{Weinberg95}
		S. Weinberg, \emph{The quantum theory of fields : Vol. 1 : Foundations}, Cambridge University Press, 1995
		
		\bibitem{Georgi84}
		H. Georgi, \emph{Weak Interactions and Modern Particle Theory}, Menlo Park, Calif. : Benjamin/Cummings Pub. Co., 1984
		
		\bibitem{SchererSchingler12}
		S. Scherer and M.R. Schindler, \emph{A Primer for Chiral Perturbation Theory}, Heidelberg ; New York : Springer, 2012.
		
		\bibitem{GrossRungeHeinonen91}
		E.K.U. Gross, E. Runge, and O. Heinonen, \emph{Many-Particle Theory}, Adam Hilger imprint by IOP Publishing Ltd, 1991
		
		\bibitem{HJensenLombardoKolck16}
		M. Hjorth-Jensen, M.P. Lombardo, and U. van Kolck, \emph{An advanced course in computational nuclear physics}, Springer International Publishing, 2017
		
		\bibitem{HJensenKuoOsnes95}
		M. Hjorth-Jensen, T.T.S. Kuo, and E. Osnes, \emph{Realistic effective interactions for nuclear systems}, Physics Reports 261, 125-170, 1995 
		
		\bibitem{GHagen14}
		G. Hagen, T. Papenbrock, A. Ekstr\"om, K.A. Wendt, G. Baardsen, S. Gandolfi, M. Hjorth-Jensen, and C.J. Horowitz, \emph{Coupled-cluster calculations of nucleonic matter}, Physical Review C 89, 014319, 2014
		
		\bibitem{Weinberg79}
		S. Weinberg, \emph{Phenomenological Lagrangians}, Physica 96A, 327-340, 1979
		
		\bibitem{Yukawa35}
		H. Yukawa, \emph{On the Interaction of Elementary Particles}, Proceedings of the Physico-Mathematical Society of Japan 17, 1935
		
		\bibitem{Neumann32}
		J. von Neumann, \emph{Mathematical Foundations of Quantum Mechanics}, 1st edition, Princeton University Press, 1955
		
		\bibitem{MHjorthJensenHeiselberg00}
		H. Heiselberg and M. Hjorth-Jensen, \emph{Phases of Dense Matter in Neutron Stars}, Physics Reports 328, 237-327, 2000
		
		\bibitem{Ewald21}
		P.P. Ewald, \emph{Die Berechnung optischer und elektrostatischer Gitterpotentiale}, Annalen der Physik, vol. 369, Issue 3, 253-287, 1921
		
		\bibitem{Cizek91}
		J. \v{C}\'{i}\v{z}ek, \emph{Origins of coupled cluster technique for atoms and molecules}, Theoretical Chemical Accounts 80:91-94, 1991
		
		\bibitem{Coester58}
		F. Coester, \emph{Bound States of a Many-Particle System}, Nuclear Physics 7 421-424, 1958
		
		\bibitem{CoesterKummel60}
		F. Coester, H. K\"ummel, \emph{Short-Range Correlations in Nuclear Wave Functions}, Nuclear Physics 17 477-285, 1960
		
		\bibitem{Kummel62}
		H. K\"ummel, \emph{Lectures on the many body problems},  Caianiello ER (ed) Academic Press, New York, 1962
		
		\bibitem{Kummel71}
		H. K\"ummel, \emph{Theory of many-body wave functions with correlations}, Nuclear Physics A176 205-218, 1971
		
		\bibitem{KummeLuhrmann72}
		H. K\"ummel and K.H. L\"uhrmann, \emph{Equations for Linked Clusters and the Energy Variational Principle}, Nuclear Physics A 191 525, 1972
		
		\bibitem{KummeLuhrmann72_2}
		H. K\"ummel and K.H. L\"uhrmann, \emph{Equations for Linked Clusters and Brueckner-Bethe Theory}, Nuclear Physics A 194 225, 1972
		
		\bibitem{FraserFoulkesRajagopalNeedsKennyWilliamson95}
		L.M. Fraser, W.M.C. Foulkes, G. Rajagopal, R.J. Needs, S.D. Kenny, and A.J. Williamson,
		\emph{Finite-size effects and Coulomb interactions in quantum Monte Carlo calculations
			for homogeneous systems with periodic boundary conditions}, Physical Review B 53, 1814, 1996
		
		\bibitem{DrummondNeedsSorouriFoulkes08}
		N.D. Drummond, R.J. Needs, A. Sorouri, and W.M.C. Foulkes, \emph{Finite-size errors in continuum quantum Monte Carlo calculations}, Physical Review B 78, 125106, 2008
		
		\bibitem{Cizek66}
		J. \v{C}\'{i}\v{z}ek, \emph{On the Correlation Problem in Atomic and Molecular Systems. Calculation of Wavefunction Components in Ursell--Type Expansion Using Quantum--Field Theoretical Methods}, The Journal of Chemical Physics 45 4256, 1966
		
		\bibitem{Shepherd16}
		J.J. Shepherd, \emph{Communication: Convergence of many-body wave-function expansions
			using a plane-wave basis in the thermodynamic limit}, The Journal of Chemical Physics 145, 031 104, 2016
		
		\bibitem{MachleidtEntem11}
		R. Machleidt and D.R. Entem, \emph{Chiral effective field theory and nuclear forces}, Physics Reports 503, 1-75, 2011
		
		\bibitem{HJensenEtAl15}
		A. Ekstr\"om, G.R. Jansen, K.A. Wendt, G. Hagen, T. Papenbrock, B.D. Carlsson, C. Forss\'{e}n,
		M. Hjorth-Jensen, P. Navr\'{a}til, and W. Nazarewicz, \emph{Accurate nuclear radii and binding energies from a chiral interaction}, Physical Review C 91, 051 301(R), 2015
		
		\bibitem{HJensenEtAl13}
		A. Ekstr\"om, G. Baardsen, C. Forss\'{e}n, G. Hagen, M. Hjorth-Jensen, G.R. Jansen, R. Machleidt, W. Nazarewicz, T. Papenbrock, J. Sarich, and S.M. Wild, \emph{Optimized Chiral Nucleon-Nucleon Interaction at Next-to-Next-to-Leading Order}, Physical Review Letters 110, 192502, 2013
		
		\bibitem{CarlssonEtAl16}
		B.D. Carlsson, A. Ekstr\"om, C. Forss\'{e}n, D. Fahlin Str\"omberg, G.R. Jansen, O. Lilja, M. Lindby, B.A. Mattsson, and K.A. Wendt, \emph{Uncertainty Analysis and Order-by-Order Optimization of Chiral Nuclear Interactions}, Physical Review X 6, 011019, 2016
		
		\bibitem{HJensenKuoOsnes95}
		M. Hjorth-Jensen, T.T.S. Kuo, E. Osnes, \emph{Realistic effective interactions for nuclear systems}, Physics Reports 261, 125-270, 1995
		
		\bibitem{JaffeWitten}
		A. Jaffe and E. Witten, \emph{Quantum Yang-Mills Theory}, (unpublished)
		
		\bibitem{Kvaal15}
		S. Kvaal, \emph{Lecture Notes for FYS-KJM4480; Quantum mechanics for many-particle systems}, University of Oslo, 2015
		
		\bibitem{Baardsen14}
		G. Baardsen, \emph{Coupled-cluster theory for infinite matter}  (Doctoral dissertation), University of Oslo, 2014
		
		\bibitem{phy981}
		M. Hjorth-Jensen, \emph{PHY981: Nuclear Structure} Lecture slides, Michigan University, 2016, course page: \url{http://nuclearstructure.github.io/PHY981/doc/web/course.html}
		
		\bibitem{EWeinberg11}
		E. Weinberg, \emph{Quamtum Field Theory 3 Lecture Notes}, Columbia University, 2011, URL: \url{http://phys.columbia.edu/~cyr/notes/QFT_3/lecturenotes.pdf}
		
		\bibitem{Quote}
		Quote Investigator (2017, May 14), URL: \url{http://quoteinvestigator.com/2014/05/22/solve/text}
		
		\bibitem{Maps}
		Code Project (2017, February 12), URL: \url{https://www.codeproject.com/Articles/866996/Fast-Implementations-of-Maps-with-Integer-Keys-in}
		
		\bibitem{PartiPhysBooklet}
		K.A. Olive \emph{et al.} (Particle Data Group), \emph{Particle Physics Booklet}, Chin. Phys. C., 38, 090001, 2014
		
		\bibitem{sparsepp}
		\emph{Sparsepp: A fast, memory efficient hash map for C++}, GitHub: \url{https://github.com/greg7mdp/sparsepp}