@article{Wick1950,
  title = {The Evaluation of the Collision Matrix},
  author = {Wick, G. C.},
  journal = {Phys. Rev.},
  volume = {80},
  issue = {2},
  year = {1950},
  doi = {10.1103/PhysRev.80.268}
}

@article{Coester1958,
title = "Bound states of a many-particle system ",
journal = "Nuclear Physics ",
volume = "7",
year = "1958",
doi = "http://dx.doi.org/10.1016/0029-5582(58)90280-3",
author = "F. Coester"
}

@article{Coester1960a,
title = "Short-range correlations in nuclear wave functions ",
journal = "Nuclear Physics ",
volume = "17",
year = "1960",
doi = "http://dx.doi.org/10.1016/0029-5582(60)90140-1",
author = "F. Coester and H. Kümmel"
}




@article{Coester1960b,
  title = {Representation of States in a Field Theory with Canonical Variables},
  author = {Coester, F. and Haag, R.},
  journal = {Phys. Rev.},
  volume = {117},
  issue = {4},
  year = {1960},
  doi = {10.1103/PhysRev.117.1137},
 }

@article{Cizek1966,
   author = "Cizek, J.",
   title = "On the Correlation Problem in Atomic and Molecular Systems. Calculation of Wavefunction Components in Ursell Type Expansion Using Quantum Field Theoretical Methods",
   journal = "The Journal of Chemical Physics",
   year = "1966",
   volume = "45",
   number = "11", 
   doi = "http://dx.doi.org/10.1063/1.1727484" 
}


@article{Bartlett1981,
Author = {Bartlett R.J.},
Title = {{Many-body perturbation-theory and coupled cluster theory for electron
   correlation in molecules}},
Journal = {{Annual review of physical chemistry}},
Year = {{1981}},
Volume = {{32}},
DOI = {{10.1146/annurev.pc.32.100181.002043}},
}

@book{Linder,
    author = {Bruno Linder},
    title = {Thermodynamics and introductory statistical mechanics},
    year = {2004},
    publisher={John Wiley \& Sons},
    isbn={0471474592}

}


@article {Hubbard,
	author = {Hubbard, J.},
	title = {The Description of Collective Motions in Terms of Many-Body Perturbation Theory},
	volume = {240},
	number = {1223},
	year = {1957},
	doi = {10.1098/rspa.1957.0106},
	journal = {Proceedings of the Royal Society of London A: Mathematical, Physical and Engineering Sciences}
}


@article{Kummel,
author = {Kümmel, Hermann G.},
title = {A biography of the coupled cluster method},
journal = {International Journal of Modern Physics B},
volume = {17},
number = {28},
year = {2003},
doi = {10.1142/S0217979203020442},
}


@book{Griffiths2005,
  title={Introduction to Quantum Mechanics},
  author={Griffiths, D.J.},
  isbn={9780131118928},
  series={Pearson international edition},
  year={2005},
  publisher={Pearson Prentice Hall}
}




@book{Thijssen,
  title={Computational Physics},
  author={Thijssen, J.M.},
  isbn={9780521575881},
  year={1999},
  publisher={Cambridge University Press}
}

@book{rottmann,
  title={Matematisk formelsamling},
  author={Karl Rottmann},
  isbn={8278220050},
  year={1995},
  publisher={Bracan Forlag}
}
}


@book{lindsay,
  title={Foundations of physics},
  author={Lindsay, R.B. and Margenau, H.},
  lccn={57014416},
  year={1957},
  publisher={Dover Publications}
}


@book{Szabo,
  title={Modern Quantum Chemistry: Introduction to Advanced Electronic Structure Theory},
  author={Szabo, A. and Ostlund, N.S.},
  isbn={9780486691862},
  year={1989},
  publisher={Dover Publications}
}

@book{Harris,
  title={Algebraic and diagrammatic methods in many-fermion theory},
  author={Harris, F.E. and Monkhorst, H.J. and Freeman, D.L.},
  lccn={lc89016016},
  series={International series of monographs on chemistry},
  year={1992},
  publisher={Oxford University Press}
}

@book{GrossRungeHeinonen,
  title={Many-Particle Theory,},
  author={Gross, E.K.U. and Runge, E. and Heinonen, O.},
  isbn={9780750300728},
  year={1991},
  publisher={Taylor \& Francis}
}



@book{ShavittBartlett2009,
    author    = "Isaiah Shavitt and Rodney J. Bartlett",
    title     = "Many-body methods in physics and chemistry",
    year      = "2009",
    publisher = "Cambridge University Press",
    address   = "The Edinburgh Building, Cambridge CB2 8RU, UK"
}

@book{Giuliani2005,
    author    = "Gabriele Giuliani and Giovanni Vignale",
    title     = "Quantum theory of the electornic liquid",
    year      = "2005",
    publisher = "Cambridge University Press",
    address   = "The Edinburgh Building, Cambridge CB2 8RU, UK"
}

@article{Singal73,
  title = {Self-Consistent Pair-Correlation Approach to Many-Body Effects in Metals},
  author = {Singal, C. M. and Das, T. P.},
  journal = {Phys. Rev. B},
  volume = {8},
  issue = {8},
  year = {1973},
  doi = {10.1103/PhysRevB.8.3675},
}


@article{Wood2004,
author = {Wood, B. and Foulkes, W. M. C. and Towler, M. D. and Drummond, Neil},
doi = {10.1088/0953-8984/16/6/017},
title = {{Coulomb finite-size effects in quasi-two-dimensional systems}},
url = {http://dx.doi.org/10.1088/0953-8984/16/6/017},
volume = {16},
number = {6},
year = {2004},
journal = {Journal of Physics: Condensed Matter}
}


@article{Roggero2013,
archivePrefix = {arXiv},
arxivId = {arXiv:1304.1549v2},
author = {Roggero, Alessandro and Mukherjee, Abhishek and Pederiva, Francesco},
journal = {arXiv preprint arXiv:1304.1549},
title = {{Quantum Monte Carlo with Coupled-Cluster wave functions}},
year = {2013}
}
@article{Shepherd2014,
arxivId = {arXiv:1310.6806v2},
author = {Shepherd, James J and Henderson, Thomas M and Scuseria, Gustavo E},
doi = {10.1063/1.4867783},
title = {{Coupled cluster channels in the homogeneous electron gas Coupled cluster channels in the homogeneous electron gas}},
volume = {124102},
year = {2014}
}
@article{Shepherd2012,
arxivId = {arXiv:1201.4691v2},
author = {Shepherd, James J and Booth, George H and Alavi, Ali},
doi = {10.1063/1.4720076},
journal = {The Journal of chemical physics},
number = {24},
title = {{Investigation of the full configuration interaction quantum Monte Carlo method using homogeneous electron gas models.}},
volume = {136},
year = {2012}
}
@article{Shepherd2012a,
arxivId = {1202.4990},
author = {Shepherd, James J. and Gr\"{u}neis, Andreas and Booth, George H. and Kresse, Georg and Alavi, Ali},
doi = {10.1103/PhysRevB.86.035111},
issn = {10980121},
journal = {Physical Review B - Condensed Matter and Materials Physics},
number = {3},
title = {{Convergence of many-body wave-function expansions using a plane-wave basis: From homogeneous electron gas to solid state systems}},
volume = {86},
year = {2012}
}

@article{Shepherd2013,
arxivId = {1310.6059},
author = {Shepherd, James J. and Gr\"{u}neis, Andreas},
doi = {10.1103/PhysRevLett.110.226401},
issn = {00319007},
journal = {Physical Review Letters},
title = {{Many-body quantum chemistry for the electron gas: Convergent perturbative theories}},
volume = {110},
year = {2013}
}

@article{Shepherd2013c,
  title = {Many-Body Quantum Chemistry for the Electron Gas: Convergent Perturbative Theories},
  author = {Shepherd, James J. and Gr\"uneis, Andreas},
  journal = {Phys. Rev. Lett.},
  volume = {110},
  issue = {22},
  year = {2013},
  doi = {10.1103/PhysRevLett.110.226401},
}
@article{Pillio2012,
author = {Pilli\'{o}, Zolt\'{a}n and Tajti, Attila and Szalay, P\'{e}ter G.},
doi = {10.1021/ct300391t},
issn = {15499618},
journal = {Journal of Chemical Theory and Computation},
number = {9},
title = {{Efficient sparse matrix algorithm to speed up the calculation of the ladder term in coupled cluster programs}},
volume = {8},
year = {2012}
}
@article{Drummond2007,
author = {Drummond, Neil},
journal = {Computational Materials Science},
title = {{Ewald Interactions and Finite-Size Errors}},
year = {2007}
}

@article{scuseria1986,
author = {Gustavo E. Scuseria and Timothy J. Lee and Henry F. Schaefer III},
title = {{Accelerating the convergence of the coupled-cluster approachThe use of the DIIS method}},
journal = {Chemical Physics Letters},
volume = {130},
year = {1986},
issue = {3},
doi = {10.1016/0009-2614(86)80461-4},
}

@article{Drummond2008,
  title = {Finite-size errors in continuum quantum Monte Carlo calculations},
  author = {Drummond, N. D. and Needs, R. J. and Sorouri, A. and Foulkes, W. M. C.},
  journal = {Phys. Rev. B},
  volume = {78},
  issue = {12},
  year = {2008},
  doi = {10.1103/PhysRevB.78.125106},
}


@unpublished{Sherrill,
author = {Sherrill, C David},
title = {{Introduction to Electron Correlation C. David Sherrill School of Chemistry and Biochemistry Georgia Institute of Technology}}
}

@article{Ucb,
author = {Ucb, Kathy Yellick and Ucsd, Larry Carter},
file = {:Users/kinealicegulbrandsen/Dropbox/Master Thesis Audun Skau Hansen/Papers/matmul.pdf:pdf},
title = {{Optimizing for the serial processors Performance Modeling Matrix-Vector Multiply ( Warmup ) Matrix Multiply Cache Optimizations Bag of Tricks Research in Matrix Multiply}}
}
@article{Breu2008,
author = {Breu, Fx and Guggenbichler, S and Wollmann, Jc},
file = {:Users/kinealicegulbrandsen/Dropbox/Master Thesis Audun Skau Hansen/Papers/NathanBell1-10-1000.pdf:pdf},
journal = {Vasa},
title = {{Sparse Matrix Representations \& Iterative Solvers}},
url = {http://medcontent.metapress.com/index/A65RM03P4874243N.pdf},
year = {2008}
}
@article{Baardsen2014,
author = {Baardsen, Gustav},
file = {:Users/kinealicegulbrandsen/Dropbox/Master Thesis Audun Skau Hansen/Papers/PhD-Baardsen.pdf:pdf},
number = {June},
title = {{Coupled-cluster theory for infinite matter}},
year = {2014}
}

@article{Fraser1996,
author = {Fraser, Louisa M and Foulkes, W M C and Rajagopal, G and Needs, R J and Kenny, S D and Williamson, a J},
doi = {10.1103/PhysRevB.53.1814},
journal = {Phys. Rev. B},
number = {4},
pages = {1814--1832},
title = {{Finite-size effects and Coulomb interactions in quantum Monte Carlo calculations for homogeneous systems with periodic boundary conditions}},
volume = {53},
year = {1996}
}



@article{Hagen2007,
arxivId = {0704.2854},
author = {Hagen, G. and Papenbrock, T. and Dean, D. J. and Schwenk, a. and Nogga, a. and Włoch, M. and Piecuch, P.},
doi = {10.1103/PhysRevC.76.034302},
isbn = {0556-2813},
journal = {Physical Review C - Nuclear Physics},
number = {3},
title = {{Coupled-cluster theory for three-body Hamiltonians}},
volume = {76},
year = {2007}
}


@url{Rose2013,
author = {Rose, Sean},
title = {{GPU Sparse Matrix Multiplication with CUDA}},
url = {https://sait.fsu.edu/research/projects/rose\_report.pdf},
year = {2013}
}
@article{Yuster2005,
author = {Yuster, Raphael and Zwick, Uri},
doi = {10.1145/1077464.1077466},
issn = {15496325},
journal = {ACM Transactions on Algorithms},
number = {1},
title = {{Fast sparse matrix multiplication}},
volume = {1},
year = {2005}
}

@article{Day1967,
  title = {Elements of the Brueckner-Goldstone Theory of Nuclear Matter},
  author = {Day, B. D.},
  journal = {Rev. Mod. Phys.},
  volume = {39},
  issue = {4},
  year = {1967},
  doi = {10.1103/RevModPhys.39.719},
}


@article{Buluc2012,
arxivId = {arXiv:1109.3739v1},
author = {Buluc, a and Gilbert, Jr},
doi = {10.1137/110848244},
issn = {1064-8275},
journal = {SIAM Journal on Scientific Computing},
number = {4},
title = {{Parallel sparse matrix-matrix multiplication and indexing: Implementation and experiments}},
volume = {94720},
year = {2012}
}
@article{Engine,
author = {Engine, Tensor Contraction},
title = {{Example I : Coupled-cluster calculations for the water molecule In this example we will calculate the ground state energy of the water molecule Input file :}}
}
@article{Ganesh2006,
author = {Ganesh, Prakash},
isbn = {9780494557082},
number = {June},
title = {{Master of Science}},
year = {2006}
}
@article{Towler2010,
author = {Towler, Mike},
title = {{Exchange , antisymmetry and Pauli repulsion}},
year = {2010}
}

@inbook {CrawfordSchaefer,
title = {An Introduction to Coupled Cluster Theory for Computational Chemists},
author = {Crawford, T. Daniel and Schaefer, Henry F.},
publisher = {John Wiley \& Sons, Inc.},
isbn = {9780470125915},
doi = {10.1002/9780470125915.ch2},
booktitle = {Reviews in Computational Chemistry},
year = {2007},
}

@article {Pople,
author = {Pople, J. A. and Krishnan, R. and Schlegel, H. B. and Binkley, J. S.},
title = {Electron correlation theories and their application to the study of simple reaction potential surfaces},
journal = {International Journal of Quantum Chemistry},
volume = {14},
number = {5},
doi = {10.1002/qua.560140503},
year = {1978},
}



@article{Singal1973,
  title = {Self-Consistent Pair-Correlation Approach to Many-Body Effects in Metals},
  author = {Singal, C. M. and Das, T. P.},
  journal = {Phys. Rev. B},
  volume = {8},
  issue = {8},
  year = {1973},
  doi = {10.1103/PhysRevB.8.3675},
}

@article{Freeman1977,
  title = {Coupled-cluster expansion applied to the electron gas: Inclusion of ring and exchange effects},
  author = {Freeman, David L.},
  journal = {Phys. Rev. B},
  volume = {15},
  issue = {12},
  year = {1977},
  publisher = {American Physical Society},
  doi = {10.1103/PhysRevB.15.5512},
}

@article{Bishop1978,
  title = {Electron correlations: I. Ground-state results in the high-density regime},
  author = {Bishop, R. F. and L\"uhrmann, K. H.},
  journal = {Phys. Rev. B},
  volume = {17},
  issue = {10},
  year = {1978},
  publisher = {American Physical Society},
  doi = {10.1103/PhysRevB.17.3757},
}

@article{Bishop1982,
  title = {Electron correlations. II. Ground-state results at low and metallic densities},
  author = {Bishop, R. F. and L\"uhrmann, K. H.},
  journal = {Phys. Rev. B},
  volume = {26},
  issue = {10},
  year = {1982},
  publisher = {American Physical Society},
  doi = {10.1103/PhysRevB.26.5523},
}

@article {Ewald1921,
author = {Ewald, P. P.},
title = {Die Berechnung optischer und elektrostatischer Gitterpotentiale},
journal = {Annalen der Physik},
volume = {369},
number = {3},
issn = {1521-3889},
doi = {10.1002/andp.19213690304},
year = {1921},
}
@article {Goldstone1957,
	author = {Goldstone, J.},
	title = {Derivation of the Brueckner Many-Body Theory},
	volume = {239},
	number = {1217},
	year = {1957},
	issn = {0080-4630},
	journal = {Proceedings of the Royal Society of London A: Mathematical, Physical and Engineering Sciences}
}

@article{Ceperley1980,
  title = {Ground State of the Electron Gas by a Stochastic Method},
  author = {Ceperley, D. M. and Alder, B. J.},
  journal = {Phys. Rev. Lett.},
  volume = {45},
  issue = {7},
  year = {1980},
  publisher = {American Physical Society},
  doi = {10.1103/PhysRevLett.45.566},
}

@article{Drummond2006,
  title = {Inhomogeneous backflow transformations in quantum Monte Carlo calculations},
  author = {L\'opez R\'{i}os, P. and Ma, A. and Drummond, N. D. and Towler, M. D. and Needs, R. J.},
  journal = {Phys. Rev. E},
  volume = {74},
  issue = {6},
  year = {2006},
  doi = {10.1103/PhysRevE.74.066701},
}


  	
@article{Gurtubay2010,
  author={I G Gurtubay and R Gaudoin and J M Pitarke},
  title={Benchmark quantum Monte Carlo calculations of the ground-state kinetic, interaction and total energy of the three-dimensional electron gas},
  journal={Journal of Physics: Condensed Matter},
  volume={22},
  number={6},
  year={2010},
}
	
@MASTERSTHESIS {Reimann2013,
    author = "Sarah Reimann",
    title  = "Quantum-mechanical systems in traps and Similarity Renormalization Group theory",
    school = "University of Oslo",
    year   = "2013"
}

@MASTERSTHESIS {Leikanger2013,
    author = "Karl Leikanger",
    title  = "Full Configuration Interaction Monte Carlo Studies og Quantum Dots",
    school = "University of Oslo",
    year   = "2013"
}

@UNPUBLISHED {Baardsen2015,
    author = "Gustav Baardsen",
    title  = "Results from CCD calulations obtained through private communications.",
    year   = "2013"
}


@UNPUBLISHED {hh4480,
    author = "Morten Hjorth-Jensen",
    title  = "Lecture notes from FYS-KJM4480",
    url   = "http://www.uio.no/studier/emner/matnat/fys/FYS-KJM4480/h13",
    year   = "2013"
}

@UNPUBLISHED {abel_drift,
    author = "hpc-drift@usit.uio.no",
    title  = "Private communication with Department for Research Computing, USIT",
    year   = "2015"
}

@UNPUBLISHED {DrummondNotes,
    author = "Neil Drummond",
    title  = "Ewald Interactions and Finite-Size Errors, 2007 Summer School on Computational Materials Science",
    url   = "http://www.mcc.uiuc.edu/summerschool/2007/qmc/tutorials/EwaldInteractions_Drummond.pdf",
    year   = "2007"
}

@UNPUBLISHED {shepherd_analysis,
    author = "James J. Shepherd",
    title  = "TDL analysis of 2D HEG data from Gustav Baardsen’s thesis, private exchange with Morten Hjorth-Jensen",
    year   = "2014"
}


@URL {secondquant,
    author = "SymPy Development Team",
    year   = "2014",
    url = "http://docs.sympy.org/dev/modules/physics/secondquant.html"
}

@URL {sympy,
    author = "SymPy Development Team",
    year   = "2014",
    url = "http://docs.sympy.org/"
}

@URL {CCAlgebra,
    author = "Audun Skau Hansen",
    year   = "2015",
    url = "http://audunsh.github.io/ccalg_web.html"
}

@URL {FermionMingle,
    author = "Audun Skau Hansen",
    year   = "2014",
    url = "http://www.github.com/audunsh/fermionmingle"
}

@URL {Fermicc,
    author = "Audun Skau Hansen",
    year   = "2014",
    url = "http://www.github.com/audunsh/fermicc"
}

@URL {ipython,
    author = "The IPython development team",
    year   = "2015",
    url = "http://ipython.org/"
}

@URL {BLASsite,
    url = "http://www.netlib.org/blas/"
}

@book{lay,
  title={Linear Algebra and Its Applications},
  author={Lay, D.C.},
  isbn={0321287134},
  url={https://books.google.no/books?id=\_4bjtgAACAAJ},
  year={2006},
  publisher={Addison-Wesley}
}

@URL {sparseformats,
    author = "Jack Dongarra",
    url = "http://netlib.org/linalg/html_templates/node90.html"
}

@URL{armadillo,
title = "Armadillo: An Open Source C++ Linear Algebra Library for Fast Prototyping and Computationally Intensive Experiments",
author = "Conrad Sanderson",
publisher = "Technical Report, NICTA",
year = "2010",
url = "http://arma.sourceforge.net/"
}

@URL{DRY,
author = "Steve Smith",
url = "http://programmer.97things.oreilly.com/wiki/index.php/Don't_Repeat_Yourself"
}

@URL{Entougth,
url = {https://enthought.com/products/canopy/}
}

@URL{Anaconda,
url = {http://continuum.io/}
}

@URL{abel,
url = {http://www.hpc.uio.no/}
}

@URL{openmp,
url = {http://openmp.org/wp/}
}

@URL{cuda,
url = {http://www.nvidia.com/object/cuda_home_new.html}
}


@Article{Booth2013,
author={Booth, George H.
and Gruneis, Andreas
and Kresse, Georg
and Alavi, Ali},
title={Towards an exact description of electronic wavefunctions in real solids},
journal={Nature},
year={2013},
volume={493},
number={7432},
issn={0028-0836},
doi={10.1038/nature11770},
}

@article{day1981,
author = {B. Day and J. G. Zabolitzky},
journal={Nucl. Phys. A},
year = {1981},
volume = {366},
pages = {221}
}

@article{kummel1978,
author = {K{\"u}mmel, L{\"u}hrmann, and Zabolitzky},
journal={Phys. Rep.},
year = {1978},
volume = {36},
pages = {1}
}

@inproceedings{solomonik2013,
  title={Cyclops Tensor Framework: reducing communication and eliminating load imbalance in massively parallel contractions},
  author={Solomonik, Edgar and Matthews, Darin and Hammond, Jeff R and Demmel, James},
  booktitle={Parallel \& Distributed Processing (IPDPS), 2013 IEEE 27th International Symposium on},
  pages={813--824},
  year={2013},
}

@article{scuseria1987,
  title={The closed-shell coupled cluster single and double excitation (CCSD) model for the description of electron correlation. A comparison with configuration interaction (CISD) results},
  author={Scuseria, Gustavo E and Scheiner, Andrew C and Lee, Timothy J and Rice, Julia E and Schaefer III, Henry F},
  journal={The Journal of chemical physics},
  volume={86},
  number={5},
  year={1987},
}




@article{Burrows2013,
  author={A. Burrows},
  journal={Rev. Mod. Phys.},
  volume={85},
  pages={245},
  year={2013},
}

@article{Weber1999,
  author={F. Weber},
  title = {Pulsars as Astrophysical Laboratories for Nuclear and Particle Physics},
  journal={Institute of Physics Publishing, London},
  year={1999},
}

@article{hh2000,
  author={H. Heiselberg and M. Hjorth-Jensen},
  journal = {Phys. Rep.},
  volume = {328},
  pages = {237},
  year={2000},
}

@book{Karniadakis,
 author = {Karniadakis, George M. and Kirby, Robert M.},
 title = {Parallel Scientific Computing in C++ and MPI},
 year = {2003},
 isbn = {0521817544},
 publisher = {Cambridge University Press},
 address = {New York, NY, USA},
} 