@Article{brown,
  author = 	 {E. K. Warburton and B. A. Brown},
  title = 	 {Effective interactions for the 0p1s0d nuclear shell-model space},
  journal = 	 {Physical Review C},
  year = 	 {1992},
  volume = 	 {46},
  pages = 	 {923},
}
@Article{16CLifetime,
  title = {Anomalously Hindered E2 Strength B(E2;$2_1^+\rightarrow0_1^+$) in $^{16}$C},
  author = {Imai, N.  and Ong, H. J. and Aoi, N.  and Sakurai, H.  and Demichi, K.  and Kawasaki, H.  and Baba, H.  and Dombr\'adi, Zs.  and Elekes, Z.  and Fukuda, N.  and F\"ul\"op, Zs.  and Gelberg, A.  and Gomi, T.  and Hasegawa, H.  and Ishikawa, K.  and Iwasaki, H.  and Kaneko, E.  and Kanno, S.  and Kishida, T.  and Kondo, Y.  and Kubo, T.  and Kurita, K.  and Michimasa, S.  and Minemura, T.  and Miura, M.  and Motobayashi, T.  and Nakamura, T. },
  journal = {Phys. Rev. Lett.},
  volume = {92},
  pages = {062501},
  numpages = {4},
  year = {2004},
  month = {Feb},
  doi = {10.1103/PhysRevLett.92.062501},
  publisher = {American Physical Society}
}
@Article{kuo,
  author = {T.T.S. Kuo},
  title = {Topics in many-body theory of nuclear effective interactions},
  journal = {Lecture Notes in Physics},
  year = {1981},
  volume = {144},
  pages = {248}
}
@Article{g261,
  author = {M. Hjorth-Jensen, Thomas T.S. Kuo, Eivind Osnes},
  title = {Realistic Effective Interactions for Nuclear Systems},
  journal = {Phys Reports},
  year = {1995},
  volume = {261},
  pages = {125}
}
@Book{brussaard,
  author = {Brussaard and Glaudemans},
  title = {Nuclear Shell Theory},
  publisher = {North-Holland Publishing Company},
  year = {1977}
}
@Article{15B,
  author = {R. Kanungoa and Z. Elekesa and H. Babac and Zs. Dombr\'adib and Zs. F\"ul\"opb and J. Gibelinc and \'A. Horv\'athe and Y. Ichikawaf and E. Ideguchig and N. Iwasah and H. Iwasakif and S. Kawaic and Y. Kondoi and T. Motobayashia and M. Notanig and T. Ohnishia and A. Ozawaj and H. Sakuraif and S. Shimourag and E. Takeshitac and S. Takeuchia and I. Tanihataa and Y. Toganoc and C. Wua and Y. Yamaguchia and Y. Yanagisawaa and A. Yoshidaa and K. Yoshidaa},
  title = {Excited states in neutron rich boron isotopes},
  journal = {Physics Letters B},
  year = {2005},
  volume = {608},
  pages = {206-214},
  doi = {10.1016/j.physletb.2005.01.022}
}
@Unpublished{nndc,
  title = {National nuclear data center},
  url = {http://www.nndc.bnl.gov/}
}
@Article{G-matrix,
  author = {D.J. Dean, G. Hagen, M. Hjorth-Jensen and T. Papenbrock},
  title = {Effective Interactions and Coupled Cluster Theories for stable and unstable Nuclei},
  year = {2007},
}
@Article{VlowkU,
	title = {Low-momentum nucleon-nucleon interaction and its application to few-nucleon systems},
	author = {Fujii, S.  and Epelbaum, E.  and Kamada, H.  and Okamoto, R.  and Suzuki, K.  and Gl\"ockle, W. },
	journal = {Phys. Rev. C},
	volume = {70},
	pages = {024003},
	numpages = {8},
	year = {2004},
	month = {Aug},
	doi = {10.1103/PhysRevC.70.024003},
	publisher = {American Physical Society}
}
@Article{16CE2,
	author = {M. Wiedeking and P. Fallon and A. O. Macchiavelli and J. Gibelin and M. S. Basunia and R. M. Clark and M. Cromaz and M.-A. Deleplanque and S. Gros and H. B. Jeppesen and P. T. Lake and I.-Y. Lee and L. G. Moretto and J. Pavan and L. Phair and E. Rodriguez-Vietiez and L. A. Bernstein and D. L. Bleuel and J. T. Burke and S. R. Lesher and B. F. Lyles and N. D. Scielzo},
  title = {Lifetime Measurement of the First Excited $2^+$ State in $^16$C},
  publisher = {APS},
  journal = {Physical Review Letters},
  year = {2008},
  volume = {65},
  volume = {100},
  eid = {152501},
  numpages = {4},
  pages = {152501},
  doi = {10.1103/PhysRevLett.100.152501}
}
@Article{lanczo1,
	author = {R.R. Whitehead, A. Watt, B.J. Cole and I. Morrison},
	journal = {Adv. in Nucl. Phys.},
	year = {1977},
	volume = {9},
	pages = {123}
}
@Article{lanczo2,
	author = {E.R. Davidson},
	journal = {Computers in Physics},
	year = {1993},
	volume = {7},
	pages = {519}
}
@Article{HBmaster,
	author = {H{\aa}var Bentsen},
	title = {Kjerne strukturberegninger for kalsium. Hovedoppgave i kjernefysikk},
	year = {1995},
}
@Book{HF,
  author = {E.K.U. Gross, E. Runge, O. Heinonen},
  title = {Many - particle theory},
  publisher = {},
  year = {1991}
}
@Article{brueck,
	author = {K.A. Brueckner},
	journal = {Phys. Rev.},
	year = {1955},
	volume = {97},
	pages = {1353}
}
@Article{gold,
	author = {J. Goldstone},
	journal = {Proc. Roy. Soc. A},
	year = {1957},
	volume = {293},
	pages = {267}
}
@Article{bbp,
	author = {H.A. Bethe, B.H. Brandow and A.G. Petschek},
	journal = {Phys. Rev.},
	year = {1963},
	volume = {129},
	pages = {225}
}
