
@phdthesis{jane,
  title={Solving the Quantum Many-Body Problem with Neural-Network Quantum States},
  author={Kim, Jane Mee},
  year={2023},
  school={Michigan State University}
}

@book{curtis2012linear,
  title={Linear algebra: an introductory approach},
  author={Curtis, Charles W},
  year={2012},
  publisher={Springer Science \& Business Media}
}

@book{szabo2012modern,
  title={Modern quantum chemistry: introduction to advanced electronic structure theory},
  author={Szabo, Attila and Ostlund, Neil S},
  year={2012},
  publisher={Courier Corporation}
}

@book{Shavitt_Bartlett_2009, place={Cambridge}, series={Cambridge Molecular Science}, title={Many-Body Methods in Chemistry and Physics: MBPT and Coupled-Cluster Theory}, publisher={Cambridge University Press}, author={Shavitt, Isaiah and Bartlett, Rodney J.}, year={2009}, collection={Cambridge Molecular Science}} 


@book{jensen2017introduction,
  title={Introduction to computational chemistry},
  author={Jensen, Frank},
  year={2017},
  publisher={John wiley \& sons}
}

@book{bellman2016introduction,
  title={Introduction to the mathematical theory of control processes: Linear equations and quadratic criteria},
  author={Bellman, Richard},
  year={2016},
  publisher={Elsevier}
}

@book{borenstein2021introduction,
  title={Introduction to meta-analysis},
  author={Borenstein, Michael and Hedges, Larry V and Higgins, Julian PT and Rothstein, Hannah R},
  year={2021},
  publisher={John Wiley \& Sons}
}

@book{nielsen2010quantum,
  title={Quantum computation and quantum information},
  author={Nielsen, Michael A and Chuang, Isaac L},
  year={2010},
  publisher={Cambridge university press}
}

@book{sakurai2020modern,
  title={Modern quantum mechanics},
  author={Sakurai, Jun John and Napolitano, Jim},
  year={2020},
  publisher={Cambridge University Press}
}

@incollection{noether1983invariante,
  title={Invariante variationsprobleme},
  author={Noether, Emmy},
  booktitle={Gesammelte Abhandlungen-Collected Papers},
  pages={231},
  year={1983},
  publisher={Springer}
}

@inproceedings{schafer2006recurrent,
  title={Recurrent neural networks are universal approximators},
  author={Sch{\"a}fer, Anton Maximilian and Zimmermann, Hans Georg},
  booktitle={Artificial Neural Networks--ICANN 2006: 16th International Conference, Athens, Greece, September 10-14, 2006. Proceedings, Part I 16},
  pages={632},
  year={2006},
  organization={Springer}
}


@inproceedings{Zhou2019TowardsUT,
  title={Toward understanding the importance of noise in training neural networks},
  author={Zhou, Mo and Liu, Tianyi and Li, Yan and Lin, Dachao and Zhou, Enlu and Zhao, Tuo},
  booktitle={International Conference on Machine Learning},
  pages={7594},
  year={2019},
  organization={PMLR}
}

@article{Bottou1991StochasticGL,
  title={Stochastic gradient learning in neural networks},
  author={Bottou, L{\'e}on and others},
  journal={Proceedings of Neuro-N{\i}mes},
  volume={91},
  number={8},
  pages={12},
  year={1991},
  publisher={Nimes}
}

@InProceedings{kingma2014adam,
  author    = {Kingma, Diederik and Ba, Jimmy},
  booktitle = {International Conference on Learning Representations},
  title     = {Adam: A Method for Stochastic Optimization},
  year      = {2015},
  address   = {San Diega, CA, USA},
  optmonth  = {12},
}

@misc{joblib,
title = {Joblib: running Python functions as pipeline jobs},
author = {{Joblib Development Team}},
year = {2020},
howpublished = {\url{https://joblib.readthedocs.io/}},
}

@book{abu2012learning,
  title={Learning from data},
  author={Abu-Mostafa, Yaser S and Magdon-Ismail, Malik and Lin, Hsuan-Tien},
  volume={4},
  chapter={1},
  year={2012},
  publisher={AMLBook New York}
}


@misc{Apaja2018qmc,
  author = {Vesa Apaja},
  title = {Many-Body Physics},
  year = {2018},
  url = {http://users.jyu.fi/~veapaja/QMC/MC-lecture.pdf},
  note = {Lecture notes from University of Jyväskylä, Finland. Accessed on May 1, 2024}
}

@misc{giamarchi2008manybody,
  author = {Thierry Giamarchi and Anibal Iucci and Christophe Berthod},
  title = {Quantum Monte Carlo},
  year = {2008},
  url = {https://giamarchi.unige.ch/wp-content/php_code/people/thierry.giamarchi/pdf/many-body.pdf},
  note = {Lecture notes from University of Geneva. Accessed on May 1, 2024}
}

@book{nocedal1999numerical,
  title={Numerical optimization},
  author={Nocedal, Jorge and Wright, Stephen J},
  year={1999},
  publisher={Springer}
}


@book{hastie2009elements,
  title={The elements of statistical learning: data mining, inference, and prediction},
  author={Hastie, Trevor and Tibshirani, Robert and Friedman, Jerome H and Friedman, Jerome H},
  volume={2},
  year={2009},
  publisher={Springer}
}

@inbook{rudin,
  title={Principles of mathematical analysis},
  author={Rudin, Walter and others},
  volume={3},
  year={1976},
  publisher={McGraw-hill New York}
}


@book{dlbook,
    title={Deep Learning},
    author={Ian Goodfellow and Yoshua Bengio and Aaron Courville},
    publisher={MIT Press},
    year={2016}
}
@book{van1992stochastic,
  title={Stochastic processes in physics and chemistry},
  author={Van Kampen, Nicolaas Godfried},
  volume={1},
  year={1992},
  publisher={Elsevier}
}


@book{nielsen2015neural,
  title={Neural networks and deep learning},
  author={Nielsen, Michael A},
  volume={25},
  year={2015},
  publisher={Determination press San Francisco, CA, USA}
}

@online{neutelings2021neural,
  author = {Izaak Neutelings},
  title = {Neural Networks in TikZ},
  year = {2021},
  howpublished = {\url{https://tikz.net/neural_networks/#full_code}},
  note = {Accessed: 2024-05-30},
  license = {CC BY-SA 4.0}
}

@misc{stwind2020gist,
  author = {Zihou Ng},
  title = {Draw Restricted Boltzmann Machines using TikZ},
  year = {2020},
  howpublished = {\url{https://gist.github.com/stwind/999544e9002e0aa477653fddf95d4dc5}},
  note = {Accessed: 2024-05-27}
}

@book{martin2016interacting,
  title={Interacting electrons},
  author={Martin, Richard M and Reining, Lucia and Ceperley, David M},
  chapter={3},
  year={2016},
  publisher={Cambridge University Press}
}


@misc{hjorth-jensen2021,
  author = {Hjorth-Jensen, Morten},
  title = {Advanced Topics in Computational Physics},
  year = {2021},
 url = {https://compphysics.github.io/ComputationalPhysics2/doc/LectureNotes/_build/html/intro.html},
  note = {Accessed: 2024-05-12}
}


@book{park2018fundamentals,
  title={Fundamentals of probability and stochastic processes with applications to communications},
  author={Park, Kun Il and Park, M},
  year={2018},
  publisher={Springer}
}

@mastersthesis{Fleisher2018,
  author = {Fleischer, Alexander},
  title = {Quantum Monte Carlo Methods for Studying Quantum Dots},
  school = {University of Oslo},
  year = {2018},
  type = {Master's thesis},
}
@mastersthesis{hogberget2013quantum,
  title={Quantum Monte-Carlo studies of generalized many-body systems},
  author={H{\o}gberget, J{\o}rgen},
  year={2013}
}
@mastersthesis{mariadasonQuantum,
    author = {Mariadason, Alfred Alocias},
    title = {Quantum many-Body Simulations of Double Dot System},
    school = {University of Oslo},
    year = {2018} 
}

@mastersthesis{Nordhagen2019,
  author = {Nordhagen, Even Marius},
  title = {Studies of Quantum Dots using Machine Learning},
  school = {University of Oslo},
  year = {2019},
  type = {Master's thesis},
}

@inproceedings{manifoldlearning,
  title={Atsne: Efficient and robust visualization on gpu through hierarchical optimization},
  author={Fu, Cong and Zhang, Yonghui and Cai, Deng and Ren, Xiang},
  booktitle={Proceedings of the 25th ACM SIGKDD International Conference on Knowledge Discovery \& Data Mining},
  pages={176},
  year={2019}
}


@inproceedings{martens2015optimizing,
  title={Optimizing neural networks with kronecker-factored approximate curvature},
  author={Martens, James and Grosse, Roger},
  booktitle={International conference on machine learning},
  pages={2408},
  year={2015},
  organization={PMLR}
}


@online{wandb,
    title = {Experiment Tracking with Weights and Biases},
    year = {2020},
    note = {Software available from wandb.com},
    url={https://www.wandb.com/},
    author = {Biewald, Lukas},
}


@book{sutton2018reinforcement,
  title={Reinforcement learning: An introduction},
  author={Sutton, Richard S and Barto, Andrew G},
  year={2018},
  publisher={MIT press}
}
@mastersthesis{sheng,
  author       = {Sheng-Hsuan Lin},
  title        = {Solving Quantum Many-Body Problem with Feed-Forward Neural Networks},
  school = {Ludwig Maximilian University of Munich},
  year = {2018},
  type = {Master's thesis},
}


@online{grosse2021csc2541,
  author = {Roger Grosse},
  title = {Topics in Machine Learning: Neural Net Training Dynamics},
  year = {2021},
  howpublished = {\url{https://www.cs.toronto.edu/~rgrosse/courses/csc2541_2021/}},
  note = {Accessed: 2024-05-09},
  institution = {University of Toronto}
}


@book{sorellabook,
  title={Quantum Monte Carlo approaches for correlated systems},
  author={Becca, Federico and Sorella, Sandro},
  year={2017},
  publisher={Cambridge University Press}
}

@InProceedings{quantumRL,
  title = 	 {Quantum Ground States from Reinforcement Learning},
  author =       {Barr, Ariel and Gispen, Willem and Lamacraft, Austen},
  booktitle = 	 {Proceedings of The First Mathematical and Scientific Machine Learning Conference},
  pages = 	 {635},
  year = 	 {2020},
  editor = 	 {Lu, Jianfeng and Ward, Rachel},
  volume = 	 {107},
  series = 	 {Proceedings of Machine Learning Research},
  month = 	 {20--24 Jul},
  publisher =    {PMLR},
  pdf = 	 {http://proceedings.mlr.press/v107/barr20a/barr20a.pdf},
  url = 	 {https://proceedings.mlr.press/v107/barr20a.html},
  abstract = 	 {  Finding the ground state of a quantum mechanical system can be formulated as an optimal control problem. In this formulation, the drift of the optimally controlled process is chosen to match the distribution of paths in the Feynman–Kac (FK) representation of the solution of the imaginary time Schrödinger equation. This provides a variational principle that can be used for reinforcement learning of a neural representation of the drift. Our approach is a drop-in replacement for path integral Monte Carlo, learning an optimal importance sampler for the FK trajectories. We demonstrate the applicability of our approach to several problems of one-, two-, and many-particle physics.}
}

@article{amari1998natural,
  title={Why natural gradient?},
  author={Amari, Shun-Ichi and Douglas, Scott C},
  volume={2},
  pages={1213},
  year={1998},
  organization={IEEE}
}

@online{natgradblog,
  title = {{Natural gradients}},
  author={{Andrew Jones}},
  howpublished = {\url{https://andrewcharlesjones.github.io/journal/natural-gradients.html}},
  note = {Accessed: 2023-09-10}
}

@misc{NQSrepo,
  title = {{Codebase for thesis}},
  author = {{Daniel Haas}},
  year = {2024},
  howpublished = {\url{https://github.com/Daniel-Haas-B/NeuralQuantumState}},
}

@article{glasser2018neural,
  title={Neural-network quantum states, string-bond states, and chiral topological states},
  author={Glasser, Ivan and Pancotti, Nicola and August, Moritz and Rodriguez, Ivan D. and Cirac, J. Ignacio},
  journal={Physical Review X},
  volume={8},
  number={1},
  pages={011006},
  year={2018},
  publisher={American Physical Society},
  doi={10.1103/PhysRevX.8.011006},
}
@article{wittemer2020trapped,
  title={Trapped-ion toolkit for studies of quantum harmonic oscillators under extreme conditions},
  author={Wittemer, Matthias and Schr{\"o}der, Jan-Philipp and Hakelberg, Frederick and Kiefer, Philip and Fey, Christian and Schuetzhold, Ralf and Warring, Ulrich and Schaetz, Tobias},
  journal={Philosophical Transactions of the Royal Society A},
  volume={378},
  number={2177},
  pages={20190230},
  year={2020},
  publisher={The Royal Society Publishing}
}
@article{Sobirey_2021,
   title={Observation of superfluidity in a strongly correlated two-dimensional Fermi gas},
   volume={372},
   ISSN={1095-9203},
   url={http://dx.doi.org/10.1126/science.abc8793},
   DOI={10.1126/science.abc8793},
   number={6544},
   journal={Science},
   publisher={American Association for the Advancement of Science (AAAS)},
   author={Sobirey, Lennart and Luick, Niclas and Bohlen, Markus and Biss, Hauke and Moritz, Henning and Lompe, Thomas},
   year={2021},
   month=may, pages={844} }

@article{Luo_2019,
   title={Backflow Transformations via Neural Networks for Quantum Many-Body Wave Functions},
   volume={122},
   ISSN={1079-7114},
   url={http://dx.doi.org/10.1103/PhysRevLett.122.226401},
   DOI={10.1103/physrevlett.122.226401},
   number={22},
   journal={Physical Review Letters},
   publisher={American Physical Society (APS)},
   author={Luo, Di and Clark, Bryan K.},
   year={2019},
   month=jun }


@inbook{Pan_2024,
   title={The sign problem in quantum Monte Carlo simulations},
   ISBN={9780323914086},
   url={http://dx.doi.org/10.1016/B978-0-323-90800-9.00095-0},
   DOI={10.1016/b978-0-323-90800-9.00095-0},
   booktitle={Encyclopedia of Condensed Matter Physics},
   publisher={Elsevier},
   author={Pan, Gaopei and Meng, Zi Yang},
   year={2024},
   pages={879} }
@misc{NQSdoc,
  title = {{Documentation page for thesis}},
  author = {{Daniel Haas}},
  year = {2024},
  howpublished = {\url{https://neural-quantum-state.readthedocs.io/en/latest/index.html}}
}

@misc{kroeze2016trappedelectronsquantumdegenerate,
      title={Trapped electrons in the quantum degenerate regime}, 
      author={Ronen Kroeze and Jom Luiten and Servaas Kokkelmans},
      year={2016},
      eprint={1508.00365},
      archivePrefix={arXiv},
      primaryClass={cond-mat.quant-gas},
      url={https://arxiv.org/abs/1508.00365}, 
}

@article{vogiatzis2017pushing,
  title={Pushing configuration-interaction to the limit: Towards massively parallel MCSCF calculations},
  author={Vogiatzis, Konstantinos D and Ma, Dongxia and Olsen, Jeppe and Gagliardi, Laura and De Jong, Wibe A},
  journal={The Journal of Chemical Physics},
  volume={147},
  number={18},
  year={2017},
  publisher={AIP Publishing}
}


@article{jonssonStandardErrorEstimation2018,
	title = {Standard error estimation by an automated blocking method},
	volume = {98},
	issn = {2470-0045, 2470-0053},
	doi = {10.1103/PhysRevE.98.043304},
	journal = {Physical Review E},
	author = {Jonsson, Marius},
	year = {2018},
	pages = {043304},
}

@article{rogel2013gross,
  title={The gross--pitaevskii equation and bose--einstein condensates},
  author={Rogel-Salazar, Jesus},
  journal={European Journal of Physics},
  volume={34},
  number={2},
  pages={247},
  year={2013},
  publisher={IOP Publishing}
}

@article{kalos1974helium,
  title={Helium at zero temperature with hard-sphere and other forces},
  author={Kalos, Malvin H and Levesque, Dominique and Verlet, Loup},
  journal={Physical Review A},
  volume={9},
  pages={2178},
  year={1974},
  publisher={APS}
}

@article{kosztin1996introduction,
  title={Introduction to the diffusion Monte Carlo method},
  author={Kosztin, Ioan and Faber, Byron and Schulten, Klaus},
  journal={American Journal of Physics},
  volume={64},
  pages={633},
  year={1996},
  publisher={[Woodbury, NY, etc. Published for the American Association of Physics~…}
}

@article{SR,
  author={Amari, Shun-ichi},
  journal={Neural Computation}, 
  title={Natural Gradient Works Efficiently in Learning}, 
  year={1998},
  volume={10},
  pages={251},
  doi={10.1162/089976698300017746}
}

@article{pymc2023,
  title={PyMC: A Modern and Comprehensive Probabilistic Programming Framework in Python},
  author={Abril-Pla Oriol and Andreani Virgile and Carroll Colin and Dong Larry and Fonnesbeck Christopher J. and Kochurov Maxim and Kumar Ravin and Lao Jupeng and Luhmann Christian C. and Martin Osvaldo A. and Osthege Michael and Vieira Ricardo and Wiecki Thomas and Zinkov Robert},
  journal = {{PeerJ} Computer Science},
  publisher = {{PeerJ}},
  volume={9},
  pages={e1516},
  year={2023},
  doi={10.7717/peerj-cs.1516}
}

@article{flyvbjergErrorEstimatesAverages1989,
	title = {Error estimates on averages of correlated data},
	volume = {91},
	issn = {0021-9606},
	doi = {10.1063/1.457480},
	journal = {The Journal of Chemical Physics},
	author = {Flyvbjerg, H. and Petersen, H. G.},
	year = {1989},
	note = {Publisher: American Institute of Physics},
	pages = {461},
}

@misc{dewancker2016bayesian,
      title={Bayesian Optimization for Machine Learning : A Practical Guidebook}, 
      author={Ian Dewancker and Michael McCourt and Scott Clark},
      year={2016},
      eprint={1612.04858},
      archivePrefix={arXiv},
      primaryClass={id='cs.LG' full_name='Machine Learning' is_active=True alt_name=None in_archive='cs' is_general=False description='Papers on all aspects of machine learning research (supervised, unsupervised, reinforcement learning, bandit problems, and so on) including also robustness, explanation, fairness, and methodology. cs.LG is also an appropriate primary category for applications of machine learning methods.'}
}

@article{gelmanWeakConvergenceOptimal1997,
	title = {Weak convergence and optimal scaling of random walk {Metropolis} algorithms},
	volume = {7},
	issn = {1050-5164, 2168-8737},
	doi = {10.1214/aoap/1034625254},
	journal = {The Annals of Applied Probability},
	author = {Gelman, A. and Gilks, W. R. and Roberts, G. O.},
	year = {1997},
	pages = {110},
}

@article{white1992density,
  title={Density matrix formulation for quantum renormalization groups},
  author={White, Steven R},
  journal={Physical Review Letters},
  volume={69},
  number={19},
  pages={2863},
  year={1992},
  publisher={APS}
}

@article{vicentini2022netket,
  title={NetKet 3: Machine learning toolbox for many-body quantum systems},
  author={Vicentini, Filippo and Hofmann, Damian and Szab{\'o}, Attila and Wu, Dian and Roth, Christopher and Giuliani, Clemens and Pescia, Gabriel and Nys, Jannes and Vargas-Calder{\'o}n, Vladimir and Astrakhantsev, Nikita and others},
  journal={SciPost Physics Codebases},
  pages={007},
  year={2022}
}


@article{le2008representational,
  title={Representational power of restricted Boltzmann machines and deep belief networks},
  author={Le Roux, Nicolas and Bengio, Yoshua},
  journal={Neural computation},
  volume={20},
  number={6},
  pages={1631--1649},
  year={2008},
  publisher={MIT Press}
}

@article{schrodinger1935gegenwartige,
  title={Die gegenw{\"a}rtige Situation in der Quantenmechanik},
  author={Schr{\"o}dinger, Erwin},
  journal={Naturwissenschaften},
  volume={23},
  pages={844},
  year={1935},
  publisher={Springer-Verlag Berlin/Heidelberg}
}

@article{drissi2024second,
	abstract = { The Variational Monte Carlo (VMC) method has recently seen important advances through the use of neural network quantum states. While more and more sophisticated ansatze have been designed to tackle a wide variety of quantum many-body problems, modest progress has been made on the associated optimization algorithms. In this work, we revisit the Kronecker-Factored Approximate Curvature (KFAC), an optimizer that has been used extensively in a variety of simulations. We suggest improvements in the scaling and the direction of this optimizer and find that they substantially increase its performance at a negligible additional cost. We also reformulate the VMC approach in a game theory framework, to propose a novel optimizer based on decision geometry. We find that on a practical test case for continuous systems, this new optimizer consistently outperforms any of the KFAC improvements in terms of stability, accuracy and speed of convergence. Beyond VMC, the versatility of this approach suggests that decision geometry could provide a solid foundation for accelerating a broad class of machine learning algorithms. This article is part of the theme issue 'The liminal position of Nuclear Physics: from hadrons to neutron stars'. },
	author = {Drissi, M. and Keeble, J. W. T and Rozal{\'e}n Sarmiento, J. and Rios, A.},
	doi = {10.1098/rsta.2024.0057},
	eprint = {https://royalsocietypublishing.org/doi/pdf/10.1098/rsta.2024.0057},
	journal = {Philosophical Transactions of the Royal Society A: Mathematical, Physical and Engineering Sciences},
	pages = {20240057},
	title = {Second-order optimization strategies for neural network quantum states},
	url = {https://royalsocietypublishing.org/doi/abs/10.1098/rsta.2024.0057},
	volume = {382},
	year = {2024},
	bdsk-url-1 = {https://royalsocietypublishing.org/doi/abs/10.1098/rsta.2024.0057},
	bdsk-url-2 = {https://doi.org/10.1098/rsta.2024.0057}}


@article{zaheer2017deep,
  title={Deep sets},
  author={Zaheer, Manzil and Kottur, Satwik and Ravanbakhsh, Siamak and Poczos, Barnabas and Salakhutdinov, Russ R and Smola, Alexander J},
  journal={Advances in neural information processing systems},
  volume={30},
  year={2017}
}
@article{holzmann2003backflow,
  title={Backflow correlations for the electron gas and metallic hydrogen},
  author={Holzmann, M and Ceperley, DM and Pierleoni, C and Esler, K},
  journal={Physical Review E},
  volume={68},
  number={4},
  pages={046707},
  year={2003},
  publisher={APS}
}

@article{huang1998spin,
  title={Spin contamination in quantum Monte Carlo wave functions},
  author={Huang, Chien-Jung and Filippi, Claudia and Umrigar, CJ},
  journal={The Journal of chemical physics},
  volume={108},
  pages={8838},
  year={1998},
  publisher={AIP Publishing}
}
@misc{lange2024architectures,
      title={From Architectures to Applications: A Review of Neural Quantum States}, 
      author={Hannah Lange and Anka Van de Walle and Atiye Abedinnia and Annabelle Bohrdt},
      year={2024},
      eprint={2402.09402},
      archivePrefix={arXiv},
      primaryClass={id='cond-mat.dis-nn' full_name='Disordered Systems and Neural Networks' is_active=True alt_name=None in_archive='cond-mat' is_general=False description='Glasses and spin glasses; properties of random, aperiodic and quasiperiodic systems; transport in disordered media; localization; phenomena mediated by defects and disorder; neural networks'}
}

@article{carleo2017solving,
  title={Solving the quantum many-body problem with artificial neural networks},
  author={Carleo, Giuseppe and Troyer, Matthias},
  journal={Science},
  volume={355},
  pages={602},
  year={2017},
  publisher={American Association for the Advancement of Science}
}


@article{harrow2021low,
  title={Low-depth gradient measurements can improve convergence in variational hybrid quantum-classical algorithms},
  author={Harrow, Aram W and Napp, John C},
  journal={Physical Review Letters},
  volume={126},
  pages={140502},
  year={2021},
  publisher={APS}
}



@article{stokes2020quantum,
  title={Quantum natural gradient},
  author={Stokes, James and Izaac, Josh and Killoran, Nathan and Carleo, Giuseppe},
  journal={Quantum},
  volume={4},
  pages={269},
  year={2020},
  publisher={Verein zur F{\"o}rderung des Open Access Publizierens in den Quantenwissenschaften}
}
@article{park2020geometry,
  title={Geometry of learning neural quantum states},
  author={Park, Chae-Yeun and Kastoryano, Michael J},
  journal={Physical Review Research},
  volume={2},
  pages={023232},
  year={2020},
  publisher={APS}
}


@article{kiwiel2001convergence,
  title={Convergence and efficiency of subgradient methods for quasiconvex minimization},
  author={Kiwiel, Krzysztof C},
  journal={Mathematical programming},
  volume={90},
  pages={1},
  year={2001},
  publisher={Springer}
}
@misc{kim2023neuralnetwork,
      title={Neural-network quantum states for ultra-cold Fermi gases}, 
      author={Jane Kim and Gabriel Pescia and Bryce Fore and Jannes Nys and Giuseppe Carleo and Stefano Gandolfi and Morten Hjorth-Jensen and Alessandro Lovato},
      year={2023},
      eprint={2305.08831},
      archivePrefix={arXiv},
      primaryClass={id='cond-mat.quant-gas' full_name='Quantum Gases' is_active=True alt_name=None in_archive='cond-mat' is_general=False description='Ultracold atomic and molecular gases, Bose-Einstein condensation, Feshbach resonances, spinor condensates, optical lattices, quantum simulation with cold atoms and molecules, macroscopic interference phenomena'}
}

@article{mcardle2019variational,
  title={Variational ansatz-based quantum simulation of imaginary time evolution},
  author={McArdle, Sam and Jones, Tyson and Endo, Suguru and Li, Ying and Benjamin, Simon C and Yuan, Xiao},
  journal={npj Quantum Information},
  volume={5},
  pages={75},
  year={2019},
  publisher={Nature Publishing Group UK London}
}

@article{williams1992simple,
  title={Simple statistical gradient-following algorithms for connectionist reinforcement learning},
  author={Williams, Ronald J},
  journal={Machine learning},
  volume={8},
  pages={229},
  year={1992},
  publisher={Springer}
}

@article{ferminet,
  title={Ab initio solution of the many-electron Schr{\"o}dinger equation with deep neural networks},
  author={Pfau, David and Spencer, James S and Matthews, Alexander GDG and Foulkes, W Matthew C},
  journal={Physical Review Research},
  volume={2},
  pages={033429},
  year={2020},
  publisher={APS}
}

@article{drissifermion,
  title = {Machine learning one-dimensional spinless trapped fermionic systems with neural-network quantum states},
  author = {Keeble, J. W. T. and Drissi, M. and Rojo-Franc\`as, A. and Juli\'a-D\'{\i}az, B. and Rios, A.},
  journal = {Phyics Review A},
  volume = {108},
  issue = {6},
  pages = {063320},
  numpages = {25},
  year = {2023},
  month = {Dec},
  publisher = {American Physical Society},
  doi = {10.1103/PhysRevA.108.063320},
}

@article{lin2023explicitly,
  title={Explicitly antisymmetrized neural network layers for variational Monte Carlo simulation},
  author={Lin, Jeffmin and Goldshlager, Gil and Lin, Lin},
  journal={Journal of Computational Physics},
  volume={474},
  pages={111765},
  year={2023},
  publisher={Elsevier}
}



@article{zhang2022adam,
  title={Adam can converge without any modification on update rules},
  author={Zhang, Yushun and Chen, Congliang and Shi, Naichen and Sun, Ruoyu and Luo, Zhi-Quan},
  journal={Advances in neural information processing systems},
  volume={35},
  pages={28386},
  year={2022}
}

@article{deng2017quantum,
  title={Quantum entanglement in neural network states},
  author={Deng, Dong-Ling and Li, Xiaopeng and Das Sarma, S},
  journal={Physical Review X},
  volume={7},
  number={2},
  pages={021021},
  year={2017},
  publisher={APS}
}

@misc{pfau2023natural,
      title={Natural Quantum Monte Carlo Computation of Excited States}, 
      author={David Pfau and Simon Axelrod and Halvard Sutterud and Ingrid von Glehn and James S. Spencer},
      year={2024},
      eprint={2308.16848},
      archivePrefix={arXiv},
      primaryClass={id='physics.comp-ph' full_name='Computational Physics' is_active=True alt_name=None in_archive='physics' is_general=False description='All aspects of computational science applied to physics.'}
}
@misc{lawrence2024quantum,
      title={Quantum states from normalizing flows}, 
      author={Scott Lawrence and Arlee Shelby and Yukari Yamauchi},
      year={2024},
      eprint={2406.02451},
      archivePrefix={arXiv},
      primaryClass={id='quant-ph' full_name='Quantum Physics' is_active=True alt_name=None in_archive='quant-ph' is_general=False description=None}
}

@article{sharir2022neural,
  title={Neural tensor contractions and the expressive power of deep neural quantum states},
  author={Sharir, Or and Shashua, Amnon and Carleo, Giuseppe},
  journal={Physical Review B},
  volume={106},
  number={20},
  pages={205136},
  year={2022},
  publisher={APS}
}

@misc{wu2019logan,
      title={LOGAN: Latent Optimisation for Generative Adversarial Networks}, 
      author={Yan Wu and Jeff Donahue and David Balduzzi and Karen Simonyan and Timothy Lillicrap},
      year={2020},
      eprint={1912.00953},
      archivePrefix={arXiv},
      primaryClass={id='cs.LG' full_name='Machine Learning' is_active=True alt_name=None in_archive='cs' is_general=False description='Papers on all aspects of machine learning research (supervised, unsupervised, reinforcement learning, bandit problems, and so on) including also robustness, explanation, fairness, and methodology. cs.LG is also an appropriate primary category for applications of machine learning methods.'}
}

@article{Vu_2020,
   title={One-dimensional few-electron effective Wigner crystal in quantum and classical regimes},
   volume={101},
   ISSN={2469-9969},
   url={http://dx.doi.org/10.1103/PhysRevB.101.125113},
   DOI={10.1103/physrevb.101.125113},
   number={12},
   journal={Physical Review B},
   publisher={American Physical Society (APS)},
   author={Vu, DinhDuy and Das Sarma, S.},
   year={2020},
   month=mar }

@article{valiente2020bose,
  title={Bose-Fermi dualities for arbitrary one-dimensional quantum systems in the universal low-energy regime},
  author={Valiente, Manuel},
  journal={Physical Review A},
  volume={102},
  number={5},
  pages={053304},
  year={2020},
  publisher={Physical Review A}
}

@article{sedgwick2012pearson,
  title={Pearson’s correlation coefficient},
  author={Sedgwick, Philip},
  journal={British Medical Journal Publishing Group},
  volume={345},
  year={2012},
  publisher={British Medical Journal Publishing Group}
}


@article{onen2022nanosecond,
  title={Nanosecond protonic programmable resistors for analog deep learning},
  author={Onen, Murat and Emond, Nicolas and Wang, Baoming and Zhang, Difei and Ross, Frances M and Li, Ju and Yildiz, Bilge and Del Alamo, Jes{\'u}s A},
  journal={Science},
  volume={377},
  pages={539},
  year={2022},
  publisher={American Association for the Advancement of Science}
}
@article{anderson1975random,
  title={A random-walk simulation of the Schr{\"o}dinger equation: H+ 3},
  author={Anderson, James B},
  journal={The Journal of Chemical Physics},
  volume={63},
  pages={1499},
  year={1975},
  publisher={American Institute of Physics}
}

@article{twoquantumviews,
  title={A brief history of the mathematical equivalence between the two quantum mechanics},
  author={Casado, Carlos Miguel Madrid},
  journal={Latin-American Journal of Physics Education},
  volume={2},
  pages={9},
  year={2008},
  publisher={Instituto Polit{\'e}cnico Nacional}
}

@article{lee2015metamodel,
  title={Metamodel for efficient estimation of capacity-fade uncertainty in Li-Ion batteries for electric vehicles},
  author={Lee, Jaewook and Sung, Woosuk and Choi, Joo-Ho},
  journal={Energies},
  volume={8},
  pages={5538},
  year={2015},
  publisher={MDPI}
}

@article{chancevrandomness,
  title={Chance versus randomness},
  year={2014},
  author={Eagle, A},
  publisher={Centre for the Study of Language and Information}
}


@article{whyMC,
  title={Why the Monte Carlo method is so important today},
  author={Kroese, Dirk P and Brereton, Tim and Taimre, Thomas and Botev, Zdravko I},
  journal={Wiley Interdisciplinary Reviews: Computational Statistics},
  volume={6},
  pages={386},
  year={2014},
  publisher={Wiley Online Library}
}

@misc{graves2013generating,
      title={Generating Sequences With Recurrent Neural Networks}, 
      author={Alex Graves},
      year={2014},
      eprint={1308.0850},
      archivePrefix={arXiv},
      primaryClass={id='cs.NE' full_name='Neural and Evolutionary Computing' is_active=True alt_name=None in_archive='cs' is_general=False description='Covers neural networks, connectionism, genetic algorithms, artificial life, adaptive behavior. Roughly includes some material in ACM Subject Class C.1.3, I.2.6, I.5.'}
}

@article{orus2014practical,
  title={A practical introduction to tensor networks: Matrix product states and projected entangled pair states},
  author={Or{\'u}s, Rom{\'a}n},
  journal={Annals of physics},
  volume={349},
  pages={117},
  year={2014},
  publisher={Elsevier}
}

@misc{hendrycks2016gaussian,
      title={Gaussian Error Linear Units (GELUs)}, 
      author={Dan Hendrycks and Kevin Gimpel},
      year={2023},
      eprint={1606.08415},
      archivePrefix={arXiv},
      primaryClass={id='cs.LG' full_name='Machine Learning' is_active=True alt_name=None in_archive='cs' is_general=False description='Papers on all aspects of machine learning research (supervised, unsupervised, reinforcement learning, bandit problems, and so on) including also robustness, explanation, fairness, and methodology. cs.LG is also an appropriate primary category for applications of machine learning methods.'}
}


@article{metropolisEquationStateCalculations1953,
	title = {Equation of {State} {Calculations} by {Fast} {Computing} {Machines}},
	volume = {21},
	issn = {0021-9606},
	doi = {10.1063/1.1699114},
	journal = {The Journal of Chemical Physics},
	author = {Metropolis, Nicholas and Rosenbluth, Arianna W. and Rosenbluth, Marshall N. and Teller, Augusta H. and Teller, Edward},
	month = jun,
	year = {1953},
	pages = {1087},
}

@article{kato1957eigenfunctions,
  title={On the eigenfunctions of many-particle systems in quantum mechanics},
  author={Kato, Tosio},
  journal={Communications on Pure and Applied Mathematics},
  volume={10},
  pages={151},
  year={1957},
  publisher={Wiley Online Library}
}

@article{chin1990langevinimportance,
  title={Quadratic diffusion Monte Carlo algorithms for solving atomic many-body problems},
  author={Chin, Siu A},
  journal={Physical Review A},
  volume={42},
  pages={6991},
  year={1990},
  publisher={APS}
}

@article{bradbury2018jax,
  title={JAX: composable transformations of Python+ NumPy programs},
  author={Bradbury, James and Frostig, Roy and Hawkins, Peter and Johnson, Matthew James and Leary, Chris and Maclaurin, Dougal and Necula, George and Paszke, Adam and VanderPlas, Jake and Wanderman-Milne, Skye and others},
  year={2018}
}

@article{         harris2020array,
 title         = {Array programming with {NumPy}},
 author        = {Charles R. Harris and K. Jarrod Millman and St{\'{e}}fan J.
                 van der Walt and Ralf Gommers and Pauli Virtanen and David
                 Cournapeau and Eric Wieser and Julian Taylor and Sebastian
                 Berg and Nathaniel J. Smith and Robert Kern and Matti Picus
                 and Stephan Hoyer and Marten H. van Kerkwijk and Matthew
                 Brett and Allan Haldane and Jaime Fern{\'{a}}ndez del
                 R{\'{i}}o and Mark Wiebe and Pearu Peterson and Pierre
                 G{\'{e}}rard-Marchant and Kevin Sheppard and Tyler Reddy and
                 Warren Weckesser and Hameer Abbasi and Christoph Gohlke and
                 Travis E. Oliphant},
 year          = {2020},
 journal       = {Nature},
 volume        = {585},
 pages         = {357},
 doi           = {10.1038/s41586-020-2649-2},
 publisher     = {Springer Science and Business Media {LLC}},
}

@article{reyad2023modified,
  title={A modified Adam algorithm for deep neural network optimization},
  author={Reyad, Mohamed and Sarhan, Amany M and Arafa, Mohammad},
  journal={Neural Computing and Applications},
  volume={35},
  pages={17095},
  year={2023},
  publisher={Springer}
}

@article{bennett2006interplay,
  title={The interplay of optimization and machine learning research},
  author={Bennett, Kristin P and Parrado-Hern{\'a}ndez, Emilio},
  journal={The Journal of Machine Learning Research},
  volume={7},
  pages={1265},
  year={2006},
  publisher={JMLR. org}
}

@article{can1991multilayer,
	abstract = {Several researchers characterized the activation function under which multilayer feedforward networks can act as universal approximators. We show that most of all the characterizations that were reported thus far in the literature are special cases of the following general result: A standard multilayer feedforward network with a locally bounded piecewise continuous activation function can approximate any continuous function to any degree of accuracy if and only if the network's activation function is not a polynomial. We also emphasize the important role of the threshold, asserting that without it the last theorem does not hold.},
	author = {Moshe Leshno and Vladimir Ya. Lin and Allan Pinkus and Shimon Schocken},
	doi = {https://doi.org/10.1016/S0893-6080(05)80131-5},
	issn = {0893-6080},
	journal = {Neural Networks},
	keywords = {Multilayer feedforward networks, Activation functions, Role of threshold, Universal approximation capabilities, (μ) approximation},
	number = {6},
	pages = {861},
	title = {Multilayer feedforward networks with a nonpolynomial activation function can approximate any function},
	url = {https://www.sciencedirect.com/science/article/pii/S0893608005801315},
	volume = {6},
	year = {1993},
	bdsk-url-1 = {https://www.sciencedirect.com/science/article/pii/S0893608005801315},
	bdsk-url-2 = {https://doi.org/10.1016/S0893-6080(05)80131-5}}


@article{lohne2011ab,
  title={Ab initio computation of the energies of circular quantum dots},
  author={Lohne, M Pedersen and Hagen, Gaute and Hjorth-Jensen, M and Kvaal, S and Pederiva, Francesco},
  journal={Physical Review B},
  volume={84},
  pages={115302},
  year={2011},
  publisher={APS}
}

@article{bruel2020universal,
  title={Universal function approximation on graphs},
  author={Br{\"u}el Gabrielsson, Rickard},
  journal={Advances in neural information processing systems},
  volume={33},
  pages={19762},
  year={2020}
}


@article{xia2023quantum,
  title={Quantum Harmonic Oscillators in One and Two Dimensions},
  author={Xia, Guanghan},
  journal={Highlights in Science, Engineering and Technology},
  volume={64},
  pages={213},
  year={2023}
}

@article{zhou2020universality,
  title={Universality of deep convolutional neural networks},
  author={Zhou, Ding-Xuan},
  journal={Applied and computational harmonic analysis},
  volume={48},
  pages={787},
  year={2020},
  publisher={Elsevier}
}


@article{cybenko1989approximation,
  title={Approximation by superpositions of a sigmoidal function},
  author={Cybenko, George},
  journal={Mathematics of control, signals and systems},
  volume={2},
  pages={303},
  year={1989},
  publisher={Springer}
}