@article{Shimizu:2012rt,
      author         = "Shimizu, Noritaka and Utsuno, Yutaka and Mizusaki,
                        Takahiro and Honma, Michio and Tsunoda, Yusuke and others",
      title          = "{Variational procedure for nuclear shell-model
                        calculations and energy-variance extrapolation}",
      journal        = "Phys.Rev.",
      volume         = "C85",
      pages          = "054301",
      doi            = "10.1103/PhysRevC.85.054301",
      year           = "2012",
      eprint         = "1204.2626",
      archivePrefix  = "arXiv",
      primaryClass   = "nucl-th",
      SLACcitation   = "%%CITATION = ARXIV:1204.2626;%%"
}

@book{shavitt2009many,
  title={Many-Body Methods in Chemistry and Physics: MBPT and Coupled-Cluster Theory},
  author={Shavitt, I. and Bartlett, R.J.},
  isbn={9780521818322},
  lccn={2009517972},
  series={Cambridge Molecular Science},
  year={2009},
  publisher={Cambridge University Press}
}


@article{Diracnot,
      author         = "Dirac, P.A.M.",
      title          = "{A new notation for quantum mechanics}",
      journal        = "Math. Proc. Cambridge",
      volume         = "35",
      pages          = "416-418",
      doi            = "10.1017/S0305004100021162",
      year           = "1939"
}


@book{liboff1992introductory,
  title={Introductory quantum mechanics},
  author={Liboff, R.L.},
  isbn={9780201547153},
  lccn={91002448},
  url={http://books.google.no/books?id=VzZRAAAAMAAJ},
  year={1992},
  publisher={Addison-Wesley Pub. Co.}
}

@book{griffiths2005introduction,
  title={Introduction to quantum mechanics},
  author={Griffiths, D.J.},
  isbn={9780131118928},
  lccn={30271100},
  url={http://books.google.no/books?id=-BsvAQAAIAAJ},
  year={2005},
  publisher={Pearson Prentice Hall}
}

@Misc{SkriptZ,
author = {Gaberdiel, M.R.},
title = {{Quantenmechanik I, Lecture notes}},
howpublished = {Department of Theoretical Physics, ETH-H{\"o}nggerberg, Zuerich},
year = {2006}
}

@Misc{SkriptR,
author = {Rudolph, G.},
title = {{Vorlesungen zur Quantenmechanik I}},
howpublished = {Department of Theoretical Physics, University of Leipzig},
year = {2009}
}


@Misc{SkriptMorten,
author = {Hjorth-Jensen, M.},
title = {{Computational Physics, Lecture Notes}},
howpublished = {Department of Physics, University of Oslo},
year = {2011}
}

@article{hilbert,
year={1928},
issn={0025-5831},
journal={Mathematische Annalen},
volume={98},
issue={1},
doi={10.1007/BF01451579},
title={{{\"U}ber} die {G}rundlagen der {Q}uantenmechanik},
url={http://dx.doi.org/10.1007/BF01451579},
publisher={Springer-Verlag},
author={Hilbert, D. and Neumann, J.v. and Nordheim, L.},
pages={1-30},
language={German}
}

@article{PhysRevD.48.5863,
  title = {Renormalization of {H}amiltonians},
  author = {G\l{}azek, Stanis\l{}aw D. and Wilson, Kenneth G.},
  journal = {Phys. Rev. D},
  volume = {48},
  issue = {12},
  pages = {5863--5872},
  year = {1993},
  month = {Dec},
  doi = {10.1103/PhysRevD.48.5863},
  url = {http://link.aps.org/doi/10.1103/PhysRevD.48.5863},
  publisher = {American Physical Society}
}


@article{PhysRepWegner,
  title = {{Flow equations for Hamiltonians}},
  author = {Wegner, Franz J.},
  journal = {Phys. Rep.},
  volume = {348},
  issue = {1-2},
  pages = {77-89},
  year = {2001}
}


@article{PhysRepWegner0,
  title = {{Flow-equations for Hamiltonians}},
  author = {Wegner, Franz J.},
  place = {Leipzig},
  journal = {Ann. Phys.},
  volume = {3},
  pages = {77-91},
  year = {1994}
}

@article{PhysRevD.49.4214,
  title = {Perturbative renormalization group for Hamiltonians},
  author = {Glazek, Stanislaw D. and Wilson, Kenneth G.},
  journal = {Phys. Rev. D},
  volume = {49},
  issue = {8},
  pages = {4214--4218},
  year = {1994},
  month = {Apr},
  doi = {10.1103/PhysRevD.49.4214},
  url = {http://link.aps.org/doi/10.1103/PhysRevD.49.4214},
  publisher = {American Physical Society}
}


@book{kehrein2006flow,
  title={The Flow Equation Approach to Many-Particle Systems},
  author={Kehrein, S.},
  number={217},
  isbn={9783540340676},
  lccn={06925894},
  series={Springer Tracts in Modern Physics},
  url={http://books.google.no/books?id=yfoxZrUsXFwC},
  year={2006},
  publisher={Springer}
}


@article{ScottSRG,
  title = {{Operator Evolution via the Similarity Renormalization Group I: The Deuteron}},
  author = {Anderson, E.R. and Bogner, S.K. and Furnstahl, R.J. and Perry, R.J.},
  journal = {Phys. Rev.C82:054001},
  year = {2010},
  doi = {0.1103/PhysRevC.82.054001},
  url = {arXiv:1008.1569}
}

@article{PhysRevC.75.061001,
  title = {Similarity renormalization group for nucleon-nucleon interactions},
  author = {Bogner, S. K. and Furnstahl, R. J. and Perry, R. J.},
  journal = {Phys. Rev. C},
  volume = {75},
  issue = {6},
  pages = {061001},
  numpages = {5},
  year = {2007},
  month = {Jun},
  doi = {10.1103/PhysRevC.75.061001},
  url = {http://link.aps.org/doi/10.1103/PhysRevC.75.061001},
  publisher = {American Physical Society}
}

@article{SRGThreeDim,
year={2011},
issn={1434-6001},
journal={The European Physical Journal A},
volume={47},
issue={10},
doi={10.1140/epja/i2011-11122-4},
title={The similarity renormalization group for three-body interactions in one dimension},
url={http://dx.doi.org/10.1140/epja/i2011-11122-4},
publisher={Springer-Verlag},
author={{\AA}kerlund, O. and Lindgren, E.J. and Bergsten, J. and Grevholm, B. and Lerner, P. and Linscott, R. and Forssen, C. and Platter, L.},
pages={1-7},
language={English}
}

@article{Bogner200821,
title = "Convergence in the no-core shell model with low-momentum two-nucleon interactions",
journal = "Nuclear Physics A",
volume = "801",
number = "1-2",
pages = "21 - 42",
year = "2008",
issn = "0375-9474",
doi = "10.1016/j.nuclphysa.2007.12.008",
url = "http://www.sciencedirect.com/science/article/pii/S0375947407008147",
author = "S.K. Bogner and R.J. Furnstahl and P. Maris and R.J. Perry and A. Schwenk and J.P. Vary"
}

@article{PhysRevC.78.014003,
  title = {Decoupling in the similarity renormalization group for nucleon-nucleon forces},
  author = {Jurgenson, E. D. and Bogner, S. K. and Furnstahl, R. J. and Perry, R. J.},
  journal = {Phys. Rev. C},
  volume = {78},
  issue = {1},
  pages = {014003},
  numpages = {7},
  year = {2008},
  month = {Jul},
  doi = {10.1103/PhysRevC.78.014003},
  url = {http://link.aps.org/doi/10.1103/PhysRevC.78.014003},
  publisher = {American Physical Society}
}

@article {White:cond-mat0201346,
author={White, S.R.},
title={A numerical canonical transformation approach to quantum many body problems},
year={2002},
journal = {J. Chem. Phys.},
  volume = {117},
  issue = {7472},
  doi = {10.1063/1.1508370},
  url = {http://dx.doi.org/10.1063/1.1508370},
  publisher = {American Institute of Physics}

} 

@article{IMSRG,
  title = {In-Medium Similarity Renormalization Group with Chiral Two- Plus Three-Nucleon Interactions},
  author = {Hergert, H. and Bogner, S.K. and Binder, S. and Calci, S. and Langhammer, J. and Roth, R. and Schwenk, A.},
  journal = {Submitted to Phys. Rev. C},
  year = {2012},
  url = {arXiv:1212.1190}
}

@PhdThesis{Koshi,
author = {Tsukiyama,K.},
title = {In-Medium
Similarity Renormalization Group
for Nuclear Many-Body Systems},
school = {Department of Physics, The University of Tokyo},
year = {2011}
}


@book{hammond1994monte,
  title={Monte Carlo Methods in Ab Initio Quantum Chemistry},
  author={Hammond, B.L. and W. A. Lester, J. and Reynolds, P.J.},
  isbn={9789810203221},
  lccn={93047070},
  series={World Scientific Lecture and Course Notes in Chemistry ; Vol. 1},
  url={http://books.google.no/books?id=d1Kbx2JVLw8C},
  year={1994},
  publisher={World Scientific}
}

@PhdThesis{Nissenbaum2008,
author = {Daniel Andres Nissenbaum},
title = {The stochastic gradient approximation: an application to li nanoclusters},
school = {Northeastern University},
year = {2008},
OPTaddress = {Boston}
}

@book{nocedal1999numerical,
  title={Numerical Optimization},
  author={NOCEDAL, J.A. and Wright, S.J.},
  isbn={9780387987934},
  lccn={99013263},
  series={Springer Series in Operations Research Series},
  url={http://books.google.no/books?id=epc5fX0lqRIC},
  year={1999},
  publisher={Springer-Verlag GmbH}
}

@book{vetterling2002numerical,
  title={Numerical Recipes Example Book (C++)},
  author={Vetterling, W.T.},
  series={Numerical recipes series},
  year={2002},
  publisher={Cambridge University Press}
}

@article{PhysRev991,
  title = {A diffusion {M}onte {C}arlo algorithm with very small time-step errors},
  author = {Umrigar,C.J. and Nightingale,M.P. and Runge, K.J.},
  journal = {J. Chem. Phys.},
  volume = {99},
  year = {1993}
}

@InCollection{persconf1,
author = {Wells,B.H.},
title = {},
booktitle = {Methods of Computational Chemistry},
year = {1987},
volume = {1},
address = {Wiley, New York},
edition = {{S}.  {W}ilson}
}

@article{persconf2,
author = {Reynolds,P.J. and Ceperley, D.M. and Alder, B.J. and Lester, W.A.},
title = {},
journal = {J. Chem. Phys.},
year = {1982},
volume = {77},
pages = {5593}
}

@article{kosztin:633,
author = {Ioan Kosztin and Byron Faber and Klaus Schulten},
title = {Introduction to the {D}iffusion {M}onte {C}arlo method},
publisher = {AAPT},
year = {1996},
journal = {American Journal of Physics},
volume = {64},
number = {5},
pages = {633-644}
}

@MastersThesis{Christoffer,
title = {''{S}tudies of quantum dots, {A}b initio coupled-cluster analysis using {OpenCL} and  {GPU} programming''},
author = {Hirth, C.},
school = {Department of Physics, University of Oslo},
year = {2012},
note = {[Online]. Available: http://urn.nb.no/URN:NBN:no-31657}
}

@MastersThesis{Frank,
title = {''{F}ull {C}onfiguration {I}nteraction {S}imulation of {Q}uantum {D}ots''},
author = {Olsen, F.B.},
school = {Department of Physics, University of Oslo},
year = {2012},
note = {[Online]. Available: https://www.duo.uio.no/handle/123456789/34217}
}

@MastersThesis{Marte,
title = {''{M}any-{B}ody {A}pproaches to {Q}uantum {D}ots''},
author = {J{\o}rgensen, M.H.},
school = {Department of Physics, University of Oslo},
year = {2011},
note = {[Online]. Available: http://urn.nb.no/URN:NBN:no-28880}
}

@Misc{odesolver,
title = {Shampine and {G}ordon {ODE} {S}olver},
howpublished = {[Online],\\ {http://people.sc.fsu.edu/~jburkardt/cpp\_src/ode/ode.html}}
}

@book{shampine1975computer,
  title={Computer Solution of Ordinary Differential Equations: The Initial Value Problem},
  author={Shampine, L.F. and Gordon, M.K.},
  lccn={lc74023246},
  year={1975},
  publisher={Freeman}
}

@book{quinn2004parallel,
  title={Parallel programming in C with MPI and OpenMP},
  author={Quinn, M.J.},
  isbn={9780072822564},
  lccn={03046371},
  series={McGraw-Hill Higher Education},
  url={http://books.google.no/books?id=YrgZAQAAIAAJ},
  year={2004},
  publisher={McGraw-Hill Higher Education}
}

@article{Kvaalcode,
  title = {Open source {FCI} code for quantum dots and effective interactions},
  author = {Kvaal, S.},
  year = {2008},
  url = {arXiv:0810.2644}
}

@MastersThesis{Lohne,
title = {''{C}oupled-{C}luster {S}tudies of {Q}uantum {D}ots''},
author = {Lohne, {M.P.}},
school = {Department of Physics, University of Oslo},
year = {2010},
note = {[Online]. Available: http://urn.nb.no/URN:NBN:no-28527}
}

@article{PhysRevB.84.115302,
  title = {\textit{Ab initio} computation of the energies of circular quantum dots},
  author = {Pedersen Lohne, M. and Hagen, G. and Hjorth-Jensen, M. and Kvaal, S. and Pederiva, F.},
  journal = {Phys. Rev. B},
  volume = {84},
  issue = {11},
  pages = {115302},
  numpages = {15},
  year = {2011},
  month = {Sep},
  doi = {10.1103/PhysRevB.84.115302},
  url = {http://link.aps.org/doi/10.1103/PhysRevB.84.115302},
  publisher = {American Physical Society}
}

@article{PhysRevA.48.3561,
  title = {Two electrons in an external oscillator potential: Particular analytic solutions of a Coulomb correlation problem},
  author = {Taut, M.},
  journal = {Phys. Rev. A},
  volume = {48},
  issue = {5},
  pages = {3561--3566},
  year = {1993},
  month = {Nov},
  doi = {10.1103/PhysRevA.48.3561},
  url = {http://link.aps.org/doi/10.1103/PhysRevA.48.3561},
  publisher = {American Physical Society}
}

@Misc{FYS4411,
note = {Course FYS4411 (Computational physics II: Quantum mechanical systems), University of Oslo},
month = {Spring},
year = {2012}
}

@inproceedings{DBLP:conf/ifip/Krogh68,
  author    = {Fred T. Krogh},
  title     = {A variable-step, variable-order multistep method for the
               numerical solution of ordinary differential equations},
  booktitle = {IFIP Congress (1)},
  year      = {1968},
  pages     = {194-199},
  bibsource = {DBLP, http://dblp.uni-trier.de}
}


@article{Gear68,
  title = {The numerical integration of ordinary differential equations},
  author = {Gera, C.W.},
  journal = {Math. Comp.},
  volume = {21},
  pages = {146-156},
  year = {1967},
  publisher = {American Mathematical Society}
}


@Misc{Armadillo,
title = {Armadillo, {C}++ linear algebra library},
howpublished = {[Online]. Available: http://arma.sourceforge.net/}
}

@book{raimes1972many,
  title={Many-electron theory},
  author={Raimes, S.},
  isbn={9780720402421},
  lccn={lc76183283},
  url={http://books.google.no/books?id=H386AAAAMAAJ},
  year={1972},
  publisher={North-Holland Pub. Co.}
}

@book{nolting2009grundkurs,
  title={Grundkurs Theoretische Physik 7:  Viel-Teilchen-Theorie},
  author={Nolting, W.},
  isbn={9783642016066},
  series={Springer-Lehrbuch},
  url={http://books.google.no/books?id=xlKROLdCxzEC},
  year={2009},
  publisher={Springer}
}

@article{PhysRev.34.1293,
  title = {The {T}heory of {C}omplex {S}pectra},
  author = {Slater, J. C.},
  journal = {Phys. Rev.},
  volume = {34},
  issue = {10},
  pages = {1293--1322},
  year = {1929},
  month = {Nov},
  doi = {10.1103/PhysRev.34.1293},
  url = {http://link.aps.org/doi/10.1103/PhysRev.34.1293},
  publisher = {American Physical Society}
}

@article{1950PhRv...80..268W,
   author = {{Wick}, G.~C.},
    title = "{The Evaluation of the Collision Matrix}",
  journal = {Physical Review},
     year = 1950,
    month = {Oct},
   volume = 80,
    pages = {268-272},
      doi = {10.1103/PhysRev.80.268},
   adsurl = {http://adsabs.harvard.edu/abs/1950PhRv...80..268W},
  adsnote = {Provided by the SAO/NASA Astrophysics Data System}
}

@book{thijssen2007computational,
  title={Computational Physics},
  author={Thijssen, J.},
  isbn={9780521833462},
  lccn={06038173},
  url={http://books.google.de/books?id=ThtNausKMn4C},
  year={2007},
  publisher={Cambridge University Press}
}

@article{REI02,
  added-at = {2009-03-03T17:19:04.000+0100},
  author = {Reimann, S. M. and Manninen, M.},
  biburl = {http://www.bibsonomy.org/bibtex/29bc0db2c4372b3d0e94db9565c345a11/bronckobuster},
  interhash = {d91bf16827d99beacbc4d06e5e50caa9},
  intrahash = {9bc0db2c4372b3d0e94db9565c345a11},
  journal = {Rev. Mod. Phys.},
  keywords = {imported},
  nota = {hs:review},
  pages = 1238,
  timestamp = {2009-03-03T17:19:04.000+0100},
  title = {Electronic structure of quantum dots},
  volume = 74,
  year = 2002
}

@article{PhysRevB.80.045321,
  title = {Harmonic oscillator eigenfunction expansions, quantum dots, and effective interactions},
  author = {Kvaal, Simen},
  journal = {Phys. Rev. B},
  volume = {80},
  issue = {4},
  pages = {045321},
  numpages = {16},
  year = {2009},
  month = {Jul},
  doi = {10.1103/PhysRevB.80.045321},
  url = {http://link.aps.org/doi/10.1103/PhysRevB.80.045321},
  publisher = {American Physical Society}
}

@article{rontani:124102,
author = {Massimo Rontani and Carlo Cavazzoni and Devis Bellucci and Guido Goldoni},
collaboration = {},
title = {Full configuration interaction approach to the few-electron problem in artificial atoms},
publisher = {AIP},
year = {2006},
journal = {The Journal of Chemical Physics},
volume = {124},
number = {12},
eid = {124102},
numpages = {14},
pages = {124102},
keywords = {semiconductor quantum dots; configuration interactions; strongly correlated electron systems; effective mass; wave functions; excited states},
url = {http://link.aip.org/link/?JCP/124/124102/1},
doi = {10.1063/1.2179418}
}

@article{1377857,
author = {J. W. Daniel and R. E. Moore},
title = {Computation and theory in ordinary differential equations},
year = {1970},
masid = {1377857}
}

@book{hairer2011solving,
  title={Solving Ordinary Differential Equations I: Nonstiff Problems},
  author={Hairer, E. and N{\o}rsett, S.P. and Wanner, G.},
  isbn={9783540566700},
  lccn={93007847},
  series={Springer Series in Computational Mathematics},
  url={http://books.google.no/books?id=tj3vAAAAMAAJ},
  year={2011},
  publisher={Springer}
}

@Misc{C++,
title = "{C}++ Language Tutorial - {C}++ Documentation", howpublished = "[Online]. \\Available: http://www.cplusplus.com/"
}

@Misc{C++tutorial,
title = {The {C}++ {P}rogramming {L}anguage},
howpublished = {[Online]. \\Available: http://www.tutorialspoint.com/cplusplus/}
}