% This file was created with JabRef 2.8.
% Encoding: UTF-8

@ARTICLE{ChemPhys.45.4256,
  author = {Ji\v{r}\'{\i} \v{C}\'{\i}\v{z}ek},
  title = {On the Correlation Problem in Atomic and Molecular Systems. Calculation
	of Wavefunction Components in Ursell-Type Expansion Using Quantum-Field
	Theoretical Methods},
  journal = {J. Chem. Phys.},
  year = {1966},
  volume = {45},
  pages = {4256-4266},
  doi = {10.1063/1.1727484},
  publisher = {AIP}
}

@ARTICLE{zurquanten,
  author = {Max Born and Pascual Jordan},
  title = {Zur Quantenmechanik},
  journal = {Zeitschrift für Physikj},
  year = {1925},
  volume = {34},
  pages = {858-888},
  owner = {toffyrn},
  timestamp = {2012.03.15}
}

@ARTICLE{NucPhys.7.421,
  author = {F. Coester},
  title = {Bound states of a many-particle system},
  journal = {Nuc. Phys.},
  year = {1958},
  volume = {7},
  pages = {421 - 424},
  doi = {10.1016/0029-5582(58)90280-3},
  issn = {0029-5582}
}

@ARTICLE{NucPhys.17.477,
  author = {F. Coester and H. Kümmel},
  title = {Short-range correlations in nuclear wave functions},
  journal = {Nuc. Phys.},
  year = {1960},
  volume = {17},
  pages = {477 - 485},
  doi = {10.1016/0029-5582(60)90140-1},
  issn = {0029-5582}
}

@INBOOK{CompChem.14.33,
  pages = {33--136},
  title = {An Introduction to Coupled Cluster Theory for Computational Chemists},
  publisher = {John Wiley \& Sons, Inc.},
  year = {2007},
  author = {Crawford, T. Daniel and Schaefer, Henry F.},
  booktitle = {Reviews in Computational Chemistry},
  doi = {10.1002/9780470125915.ch2},
  isbn = {9780470125915}
}

@ARTICLE{bracket,
  author = {Paul Adrien Maurice Dirac},
  title = {A new notation for quantum mechanics},
  journal = {Math. Proc. Cambridge},
  year = {1939},
  volume = {35},
  pages = {416-418},
  owner = {toffyrn},
  timestamp = {2012.03.15}
}

@ARTICLE{Goto:2008:HIL:1377603.1377607,
  author = {Goto, Kazushige and Van De Geijn, Robert},
  title = {High-performance implementation of the level-3 BLAS},
  journal = {ACM Trans. Math. Softw.},
  year = {2008},
  volume = {35},
  pages = {4:1--4:14},
  acmid = {1377607},
  address = {New York, NY, USA},
  articleno = {4},
  doi = {10.1145/1377603.1377607},
  issn = {0098-3500},
  issue_date = {July 2008},
  keywords = {Linear algebra, basic linear algebra subprograms, libraries, matrix-matrix
	operations},
  numpages = {14},
  publisher = {ACM}
}

@BOOK{griffiths,
  title = {Introduction to Quantum Mechanics},
  publisher = {Pearson},
  year = {2005},
  author = {David Griffiths},
  edition = {2nd Edition}
}

@ARTICLE{Higham:1990:EFM:98267.98290,
  author = {Higham, Nicholas J.},
  title = {Exploiting fast matrix multiplication within the level 3 BLAS},
  journal = {ACM Trans. Math. Softw.},
  year = {1990},
  volume = {16},
  pages = {352--368},
  acmid = {98290},
  address = {New York, NY, USA},
  doi = {10.1145/98267.98290},
  issn = {0098-3500},
  issue_date = {Dec. 1990},
  numpages = {17},
  publisher = {ACM}
}

@ELECTRONIC{toffyrn::qvmc,
  author = {Christoffer Hirth},
  title = {toffyrn::qvmc},
  url = {https://orion.toffyrn.net/trac/physics/wiki/qvmc},
  owner = {toffyrn},
  timestamp = {2012.05.28}
}

@ELECTRONIC{p1src,
  author = {Christoffer Hirth},
  year = {2011},
  title = {source files for Fys4411},
  url = {https://orion.toffyrn.net/trac/study/browser/Fys4411/Project1/src},
  owner = {toffyrn},
  timestamp = {2011.05.11}
}

@MANUAL{refman,
  title = {Fys4411 Project - 2011, C++ documentation},
  author = {Christoffer Hirth},
  year = {2011},
  owner = {toffyrn},
  timestamp = {2011.05.13},
  url = {https://orion.toffyrn.net/trac/study/browser/Fys4411/Project1/proj/refman.pdf}
}

@MASTERSTHESIS{marte,
  author = {Marte Hoel Jørgensen},
  title = {Many-Body Approaches to Quantum Dots},
  school = {University of Oslo},
  year = {2011},
  owner = {toffyrn},
  timestamp = {2011.05.30},
  url = {http://urn.nb.no/URN:NBN:no-28880}
}

@STANDARD{openclspec,
  title = {{OpenCL} Specification},
  organization = {Khronos Group},
  author = {{Khronos OpenCL Working Group}},
  number = {Version 1.1},
  revision = {36},
  owner = {toffyrn},
  timestamp = {2011.09.07}
}

@ARTICLE{PhysRevLett.79.1389,
  author = {Koskinen, M. and Manninen, M. and Reimann, S. M.},
  title = {Hund's Rules and Spin Density Waves in Quantum Dots},
  journal = {Phys. Rev. Lett.},
  year = {1997},
  volume = {79},
  pages = {1389--1392},
  month = {Aug},
  doi = {10.1103/PhysRevLett.79.1389},
  issue = {7},
  publisher = {American Physical Society},
  url = {http://link.aps.org/doi/10.1103/PhysRevLett.79.1389}
}

@ARTICLE{kvaal:194109,
  author = {Simen Kvaal},
  title = {Ab initio quantum dynamics using coupled-cluster},
  journal = {J. Chem. Phys.},
  year = {2012},
  volume = {136},
  pages = {194109},
  number = {19},
  eid = {194109},
  doi = {10.1063/1.4718427},
  keywords = {ab initio calculations; coupled cluster calculations; fermion systems;
	polynomial approximation; quantum theory; SCF calculations; Schrodinger
	equation},
  numpages = {15},
  publisher = {AIP}
}

@ARTICLE{openfci,
  author = {Simen Kvaal},
  title = {Open source FCI code for quantum dots and effective interactions},
  year = {2008},
  eid = {arXiv:0810.2644v1},
  note = {arXiv:0810.2644v1},
  doi = {arXiv:0810.2644v1},
  owner = {toffyrn},
  timestamp = {2012.05.19}
}

@MASTERSTHESIS{larseivind,
  author = {Lars Eivind Lervåg},
  title = {VMC CALCULATIONS OF TWO-DIMENSIONAL QUANTUM DOTS},
  school = {University of Oslo},
  year = {2010},
  owner = {toffyrn},
  timestamp = {2011.05.13}
}

@MASTERSTHESIS{mplohne,
  author = {Magnus Pedersen Lohne},
  title = {Coupled-cluster studies of quantum dots},
  school = {University of Oslo},
  year = {2010},
  owner = {toffyrn},
  timestamp = {2011.05.30},
  url = {http://urn.nb.no/URN:NBN:no-26102}
}

@ARTICLE{PhysRevA.57.120,
  author = {Loss, Daniel and DiVincenzo, David P.},
  title = {Quantum computation with quantum dots},
  journal = {Phys. Rev. A},
  year = {1998},
  volume = {57},
  pages = {120--126},
  doi = {10.1103/PhysRevA.57.120},
  issue = {1},
  publisher = {American Physical Society}
}

@STANDARD{directcompute,
  title = {Programming Guide for Direct3D 11},
  organization = {Microsoft},
  author = {Microsoft},
  url = {http://msdn.microsoft.com/en-us/library/windows/desktop/ff476345(v=vs.85).aspx},
  owner = {toffyrn},
  timestamp = {2011.09.07}
}

@STANDARD{cuda,
  title = {NVIDIA CUDA C Programming Guide},
  organization = {NVIDIA},
  author = {NVIDIA},
  number = {Version 4.2},
  month = {4},
  year = {2012},
  url = {http://developer.nvidia.com/nvidia-gpu-computing-documentation},
  owner = {toffyrn},
  timestamp = {2012.05.27}
}

@ARTICLE{springerlink:10.1007/BF02980631,
  author = {Pauli, W.},
  title = {Über den Zusammenhang des Abschlusses der Elektronengruppen im Atom
	mit der Komplexstruktur der Spektren},
  journal = {Z. Phys. A-Hadron. Nuc.},
  year = {1925},
  volume = {31},
  pages = {765-783},
  affiliation = {Institut für theoretische Physik Hamburg},
  issn = {0939-7922},
  issue = {1},
  keyword = {Physics and Astronomy},
  publisher = {Springer Berlin / Heidelberg}
}

@ARTICLE{PhysRevB.84.115302,
  author = {Pedersen Lohne, M. and Hagen, G. and Hjorth-Jensen, M. and Kvaal,
	S. and Pederiva, F.},
  title = {\textit{Ab initio} computation of the energies of circular quantum
	dots},
  journal = {Phys. Rev. B},
  year = {2011},
  volume = {84},
  pages = {115302},
  doi = {10.1103/PhysRevB.84.115302},
  issue = {11},
  numpages = {15},
  publisher = {American Physical Society}
}

@TECHREPORT{armadillo,
  author = {Conrad Sanderson},
  title = {Armadillo: An Open Source C++ Linear Algebra Library for Fast Prototyping
	and Computationally Intensive Experiments},
  institution = {NICTA},
  year = {2010},
  owner = {toffyrn},
  timestamp = {2011.05.10}
}

@BOOK{shavitt2009many,
  title = {Many-body methods in chemistry and physics: MBPT and coupled-cluster
	theory},
  publisher = {Cambridge University Press},
  year = {2009},
  author = {Isaiah Shavitt and Rodney J. Bartlett},
  series = {Cambridge molecular science series},
  isbn = {9780521818322},
  lccn = {2009517972}
}

@ARTICLE{PhysRevC.85.054301,
  author = {Shimizu, Noritaka and Utsuno, Yutaka and Mizusaki, Takahiro and Honma,
	Michio and Tsunoda, Yusuke and Otsuka, Takaharu},
  title = {Variational procedure for nuclear shell-model calculations and energy-variance
	extrapolation},
  journal = {Phys. Rev. C},
  year = {2012},
  volume = {85},
  pages = {054301},
  month = {May},
  doi = {10.1103/PhysRevC.85.054301},
  issue = {5},
  numpages = {6},
  publisher = {American Physical Society},
  url = {http://link.aps.org/doi/10.1103/PhysRevC.85.054301}
}

@ARTICLE{PhysRev.34.1293,
  author = {John Clarke Slater},
  title = {The Theory of Complex Spectra},
  journal = {Phys. Rev.},
  year = {1929},
  volume = {34},
  pages = {1293--1322},
  month = {Nov},
  doi = {10.1103/PhysRev.34.1293},
  issue = {10},
  publisher = {American Physical Society}
}

@ARTICLE{springerlink:10.1007/BF02165411,
  author = {Strassen, Volker},
  title = {Gaussian elimination is not optimal},
  journal = {Numer. Math.},
  year = {1969},
  volume = {13},
  pages = {354-356},
  issn = {0029-599X},
  issue = {4},
  keyword = {Mathematics and Statistics},
  publisher = {Springer Berlin / Heidelberg}
}

@MANUAL{sympy,
  title = {SymPy: Python library for symbolic mathematics},
  author = {{SymPy Development Team}},
  year = {2010},
  url = {http://www.sympy.org}
}

@ARTICLE{mtaut,
  author = {M. Taut},
  title = {Two electrons in a homogeneous magnetic field: particular analytical
	solutions},
  journal = {J. Phys. A-Math. Gen.},
  year = {1994},
  volume = {27},
  pages = {1045-1055},
  owner = {toffyrn},
  timestamp = {2011.05.30}
}

@BOOK{thijssen,
  title = {Computational Physics},
  publisher = {Cambridge university press},
  year = {1999},
  author = {Joseph Marie Thijssen},
  owner = {toffyrn},
  timestamp = {2011.05.13}
}

@MASTERSTHESIS{ymwang,
  author = {Yang Min Wang},
  title = {Coupled-Cluster Studies of Double Quantum Dots},
  school = {University of Oslo},
  year = {2011},
  owner = {toffyrn},
  timestamp = {2012.05.21},
  url = {http://urn.nb.no/URN:NBN:no-28527}
}

@ARTICLE{PhysRev.80.268,
  author = {Gian-Carlo Wick},
  title = {The Evaluation of the Collision Matrix},
  journal = {Phys. Rev.},
  year = {1950},
  volume = {80},
  pages = {268--272},
  doi = {10.1103/PhysRev.80.268},
  issue = {2},
  publisher = {American Physical Society}
}

@ARTICLE{zhang,
  author = {Yao Zhang, Jonathan Cohen, John D. Owens},
  title = {Fast Tridiagonal Solvers on the GPU},
  journal = {Proceedings of the 15th ACM SIGPLAN symposium on Principles and practice
	of parallel programming PPoPP 10},
  year = {2010},
  owner = {toffyrn},
  timestamp = {2011.06.04}
}

@ELECTRONIC{netlibblas,
  url = {http://www.netlib.org/blas/},
  owner = {toffyrn},
  timestamp = {2012.05.11}
}

@MANUAL{amdguide,
  title = {AMD Accelerated Parallel Processing, OpenCL Programming Guide},
  organization = {Advanced Micro Devices, Inc.},
  edition = {1.3f},
  month = {August},
  year = {2011},
  owner = {toffyrn},
  timestamp = {2011.09.20}
}

@ELECTRONIC{radeon6970,
  month = {June},
  year = {2011},
  title = {Radeon {HD} 6970 specifications},
  organization = {Advanced Micro Devices, Inc.},
  url = {"http://www.amd.com/us/products/desktop/graphics/amd-radeon-hd-6000/hd-6970/"},
  owner = {toffyrn},
  timestamp = {2011.06.04}
}

@BOOK{nobelPauli,
  title = {Nobel Lectures in Physics: 1942-1962},
  publisher = {World Scientific Publishing},
  year = {1998},
  volume = {3},
  owner = {toffyrn},
  timestamp = {2012.06.05}
}

@comment{jabref-meta: selector_publisher:}

@comment{jabref-meta: selector_author:}

@comment{jabref-meta: selector_journal:}

@comment{jabref-meta: selector_keywords:}

