@article{AnisimovasQD,
  author={E Anisimovas and A Matulis},
  title={Energy spectra of few-electron quantum dots},
  journal={Journal of Physics: Condensed Matter},
  volume={10},
  number={3},
  pages={601},
  url={http://stacks.iop.org/0953-8984/10/i=3/a=013},
  year={1998},
  abstract={We present the renormalized perturbation series for the energy spectra of parabolic quantum dots with two to five electrons, taking into consideration the ground and the lowest excited states. A complete classification of asymptotic energy levels is performed and the behaviour of energy levels from the quantum to the semiclassical regime is traced. Comparison between the present results and those from exact numerical Hamiltonian diagonalization indicates a fair accuracy of the proposed method over the whole range of the electron-electron coupling constant and magnetic field values. The results obtained indicate that increasing the number of electrons in a dot leads to more classical behaviour of the system.}
}

@article{Metropolis53,
  author = "Nicholas Metropolis and Arianna W. Rosenbluth and Marshall N. Rosenbluth and Augusta H. Teller and Edward Teller",
  title = "Equation of State Calculations by Fast Computing Machines",
  journal = "Journal of Chemical Physics",
  volume = "21",
  pages = "1087-1092",
  year = "1953"
}

@article {DiracSQ,
  author = {Dirac, P. A. M.},
  title = {The Quantum Theory of the Emission and Absorption of Radiation},
  volume = {114},
  number = {767},
  pages = {243--265},
  year = {1927},
  doi = {10.1098/rspa.1927.0039},
  publisher = {The Royal Society},
  issn = {0950-1207},
  URL = {http://rspa.royalsocietypublishing.org/content/114/767/243},
  eprint = {http://rspa.royalsocietypublishing.org/content/114/767/243.full.pdf},
  journal = {Proceedings of the Royal Society of London A: Mathematical, Physical and Engineering Sciences}
}

@article{FockSQ,
author="Fock, V.",
title="Konfigurationsraum und zweite Quantelung",
journal="Zeitschrift f{\"u}r Physik",
volume="75",
number="9",
pages="622--647",
year = "1932",
abstract="Es wird der Zusammenhang zwischen der Methode der gequantelten Wellenfunktionen und der Koordinatenraummethode untersucht. Die Operatoren der zweiten Quantelung werden in einer Folge von Konfigurationsr{\"a}umen f{\"u}r 1, 2, ... usw. Teilchen dargestellt. Die gewonnene Darstellung erm{\"o}glicht eine einfache Ableitung der Hartreeschen Gleichungen mit Austausch.",
issn="0044-3328",
doi="10.1007/BF01344458",
url="http://dx.doi.org/10.1007/BF01344458"
}

@book{JordanSQ,
author="Reed, Michael and Simon, Barry",
title="Methods of Modern Mathematical Physics, Volume II",
publisher="Academic Press",
year="1975",
note="Page 328"
}

@article{lemons97,
    author = {Lemons, Don S. and Gythiel, Anthony},
    citeulike-article-id = {8377092},
    journal = {American Journal of Physics},
    month = nov,
    number = {11},
    pages = {1079--1081},
    posted-at = {2010-12-07 16:39:08},
    priority = {2},
    title = {Paul {L}angevin's 1908 paper {O}n the Theory of {B}rownian Motion [{S}ur la th\'{e}orie du mouvement brownien, {C}omptes-rendus de l'{A}cad\'{e}mie des {S}ciences ({P}aris) 146, 530-533 (1908)]},
    volume = {65},
    year = {1997}
}

@article {Einstein05,
author = {Einstein, A.},
title = {On the Movement of Small Particles Suspended in Stationary Liquids Required by the Molecular Kinetic Theory of Heat},
journal = {Annalen der Physik},
volume = {322},
number = {8},
publisher = {WILEY-VCH Verlag},
issn = {1521-3889},
url = {http://dx.doi.org/10.1002/andp.19053220806},
doi = {10.1002/andp.19053220806},
pages = {549--560},
year = {1905},
}

@article{Reed88,
  title = {Observation of discrete electronic states in a zero-dimensional semiconductor nanostructure},
  author = {Reed, M. A. and Randall, J. N. and Aggarwal, R. J. and Matyi, R. J. and Moore, T. M. and Wetsel, A. E.},
  journal = {Phys. Rev. Lett.},
  volume = {60},
  issue = {6},
  pages = {535--537},
  numpages = {0},
  year = {1988},
  month = {Feb},
  publisher = {American Physical Society},
  doi = {10.1103/PhysRevLett.60.535},
  url = {http://link.aps.org/doi/10.1103/PhysRevLett.60.535}
}

@book{griffiths05,
  title={Introduction to Quantum Mechanics},
  author={Griffiths, D.J.},
  isbn={9780131118928},
  lccn={2003027110},
  series={Pearson international edition},
  url={https://books.google.no/books?id=z4fwAAAAMAAJ},
  year={2005},
  publisher={Pearson Prentice Hall}
}

@article{qbitRef,
  title = {Novel coherent quantum bit using spatial quantization levels in semiconductor quantum dot},
  author = {Fedichkin, L. and Yanchenko, M. and Valiev, K.A.},
  journal = {Quantum Computers and Computing},
  volume = {1},
  pages = {58--76},
  numpages = {16},
  year = {2000},
  month = {Jun},
  doi= {arXiv:quant-ph/0006097}
}

@article{QDsolarCells,
author = {Gi-Hwan Kim and F. Pelayo García de Arquer and Yung Jin Yoon and Xinzheng Lan and Mengxia Liu and Oleksandr Voznyy and Zhenyu Yang and Fengjia Fan and Alexander H. Ip and Pongsakorn Kanjanaboos and Sjoerd Hoogland and Jin Young Kim and Edward H. Sargent},
title = {High-Efficiency Colloidal Quantum Dot Photovoltaics via Robust Self-Assembled Monolayers},
journal = {Nano Letters},
volume = {15},
number = {11},
pages = {7691-7696},
year = {2015},
doi = {10.1021/acs.nanolett.5b03677},
note ={PMID: 26509283},
URL = {http://dx.doi.org/10.1021/acs.nanolett.5b03677},
eprint = {http://dx.doi.org/10.1021/acs.nanolett.5b03677}
}

@article{QD_LED,
  title = {A New Model for Quantum Dot Light Emitting-Absorbing Bevices: Proofs and Supplements},
  author = {Neidhardt, H. and Wilhelm, L. and Zagrebnov, V. A.},
  journal = {Nanosystems: Physics, Chemistry, Mathematics},
  volume = {6},
  number = {1},
  pages = {6--45},
  year = {2015},
  month = {Feb},
  url={https://dx.doi.org/10.17586%2F2220-8054-2015-6-1-6-45},
  doi={10.17586/2220-8054-2015-6-1-6-45}
}

@article{QDlaser,
  title = {Self-Tuned Quantum Dot Gain in Photonic Crystal Lasers},
  author = {Strauf, S. and Hennessy, K. and Rakher, M. T. and Choi, Y.-S. and Badolato, A. and Andreani, L. C. and Hu, E. L. and Petroff, P. M. and Bouwmeester, D.},
  journal = {Phys. Rev. Lett.},
  volume = {96},
  issue = {12},
  pages = {127404},
  numpages = {4},
  year = {2006},
  month = {Mar},
  publisher = {American Physical Society},
  doi = {10.1103/PhysRevLett.96.127404},
  url = {http://link.aps.org/doi/10.1103/PhysRevLett.96.127404}
}

@article {QDImaging,
  author = {Tokumasu, Fuyuki and Fairhurst, Rick M. and Ostera, Graciela R. and Brittain, Nathaniel J. and Hwang, Jeeseong and Wellems, Thomas E. and Dvorak, James A.},
  title = {Band 3 modifications in Plasmodium falciparum-infected AA and CC erythrocytes assayed by autocorrelation analysis using quantum dots},
  volume = {118},
  number = {5},
  pages = {1091--1098},
  year = {2005},
  doi = {10.1242/jcs.01662},
  publisher = {The Company of Biologists Ltd},
  abstract = {The molecular stability of hemoglobin is critical for normal erythrocyte functions, including oxygen transport. Hemoglobin C (HbC) is a mutant hemoglobin that has increased oxidative susceptibility due to an amino acid substitution (β6: Glu to Lys). The growth of Plasmodium falciparum is abnormal in homozygous CC erythrocytes in vitro, and CC individuals show innate protection against severe P. falciparum malaria. We investigated one possible mechanism of innate protection using a quantum dot technique to compare the distribution of host membrane band 3 molecules in genotypically normal (AA) to CC erythrocytes. The high photostability of quantum dots facilitated the construction of 3D cell images and the quantification of fluorescent signal intensity. Power spectra and 1D autocorrelation analyses showed band 3 clusters on the surface of infected AA and CC erythrocytes. These clusters became larger as the parasites matured and were more abundant in CC erythrocytes. Further, average cluster size (500 nm) in uninfected (native) CC erythrocytes was comparable with that of parasitized AA erythrocytes but was significantly larger (1 μm) in parasitized CC erythrocytes. Increased band 3 clustering may enhance recognition sites for autoantibodies, which could contribute to the protective effect of hemoglobin C against malaria.},
  issn = {0021-9533},
  URL = {http://jcs.biologists.org/content/118/5/1091},
  eprint = {http://jcs.biologists.org/content/118/5/1091.full.pdf},
  journal = {Journal of Cell Science}
}

@article{thouless60,
  title={Stability conditions and nuclear rotations in the Hartree-Fock theory},
  author={Thouless, DJ},
  journal={Nuclear Physics},
  volume={21},
  pages={225--232},
  year={1960},
  publisher={Elsevier}
}

@article{hartree28,
author = {Hartree,D. R.},
title = {The Wave Mechanics of an Atom with a Non-Coulomb Central Field. Part I. Theory and Methods},
journal = {Mathematical Proceedings of the Cambridge Philosophical Society},
volume = {24},
issue = {01},
month = {1},
month = {1},
year = {1928},
issn = {1469-8064},
pages = {89--110},
numpages = {22},
doi = {10.1017/S0305004100011919},
URL = {http://journals.cambridge.org/article_S0305004100011919},
}

@book{Introduction_Quantum_Pauling,
  author= {Pauling, Linus and Bright, Wilson E.},
  title = {Introduction to {Quantum} {Mechanics}},
  publisher = {McGraw Hill Book Company Inc.},
  authors = {Linus, P. and Bright, W. E.},
  year = "1935"
}

@article {Boys_1950,
author = {Boys, S. F.},
title = {Electronic Wave Functions. I. A General Method of Calculation for the Stationary States of Any Molecular System},
journal= {Proceedings of the Royal Society of London. Series A},
volume = {200},
number = {1063},
pages = {542-554},
year = {1950}
}

@article {Binkley_1980,
author = {J. S. Binkley, J. A. Pople, W. J. Hehre},
title = {Self-consistent molecular orbital methods. 21. Small split-valence basis sets for first-row elements},
journal= {J. Am. Chem. Soc},
volume = {102},
pages = {939-947},
doi = {10.1021/ja00523a008},
year = {1980}
}

@misc {EMSL,
title = {{EMSL} Basis Set Exchange},
year = {2015},
howpublished = {\url{https://bse.pnl.gov/bse/portal}},
note = {Accessed: 2015-05-13}
}

@article {Binkley_1975,
author = {Binkley, J. S. and Pople, J. A.},
title = {Møller–Plesset theory for atomic ground state energies},
journal = {International Journal of Quantum Chemistry},
volume = {9},
number = {2},
publisher = {John Wiley & Sons, Inc.},
issn = {1097-461X},
url = {http://dx.doi.org/10.1002/qua.560090204},
doi = {10.1002/qua.560090204},
pages = {229--236},
year = {1975},
}

@article{Koput_2011_PCCP,
  author      = {Jacek Koput},
  title       = {The ground-state potential energy function of a beryllium dimer
  determined using the single-reference coupled-cluster approach},
  year        = "2011",
  month       = "July",
  url       = {http://www.researchgate.net/profile/Marco_Nascimento/publication/229696100_Ground_state_of_the_beryllium_atom_Reinvestigation_based_on_a_proper_independent_particle_model/links/0c96051d5d671b5eef000000.pdf},
  location    = {online},
}

@article{holmevik94, 
author={J. R. Holmevik}, 
journal={IEEE Annals of the History of Computing}, 
title={Compiling SIMULA: a historical study of technological genesis}, 
year={1994}, 
volume={16}, 
number={4}, 
pages={25-37}, 
keywords={Simula;digital simulation;history;program compilers;SIMULA compilation;historical study;politics;programming language history;simulation language;sociotechnical analysis;technological change;technological genesis;Appraisal;Computer languages;Discrete event simulation;History;Modems;Operations research;Problem-solving;Programming profession;Tail;Terminology}, 
doi={10.1109/85.329756}, 
ISSN={1058-6180}, 
month={Winter},
}

@article{binder1984,
  title={Applications of the Monte Carlo Method in Statistical Physics},
  author={Binder, Kurt},
  journal={Applications of the Monte Carlo Method in Statistical Physics. Series: Topics in Current Physics, ISBN: 978-3-642-96790-0. Springer Berlin Heidelberg (Berlin, Heidelberg), Edited by Kurt Binder, vol. 36},
  volume={36},
  year={1984}
}

@article{daniell1984,
  title={Error analysis for correlated Monte Carlo data},
  author={Daniell, GJ and Hey, Anthony JG and Mandula, JE},
  journal={Physical Review D},
  volume={30},
  number={10},
  pages={2230},
  year={1984},
  publisher={APS}
}

@article{flyvbjerg1989,
  title={Error estimates on averages of correlated data},
  author={Flyvbjerg, Henrik and Petersen, Henrik Gordon},
  journal={The Journal of Chemical Physics},
  volume={91},
  number={1},
  pages={461--466},
  year={1989},
  publisher={AIP Publishing}
}

@Inbook{Wilson1980,
author="Wilson, Kenneth G.",
editor="Hooft, G.'t
and Itzykson, C.
and Jaffe, A.
and Lehmann, H.
and Mitter, P. K.
and Singer, I. M.
and Stora, R.",
chapter="Monte-Carlo Calculations for the Lattice Gauge Theory",
title="Recent Developments in Gauge Theories",
year="1980",
publisher="Springer US",
address="Boston, MA",
pages="363--402",
isbn="978-1-4684-7571-5",
doi="10.1007/978-1-4684-7571-5_20",
url="http://dx.doi.org/10.1007/978-1-4684-7571-5_20"
}

@article{whitmer1984,
  title = {Over-relaxation methods for Monte Carlo simulations of quadratic and multiquadratic actions},
  author = {Whitmer, Charles},
  journal = {Phys. Rev. D},
  volume = {29},
  issue = {2},
  pages = {306--311},
  numpages = {0},
  year = {1984},
  month = {Jan},
  publisher = {American Physical Society},
  doi = {10.1103/PhysRevD.29.306},
  url = {http://link.aps.org/doi/10.1103/PhysRevD.29.306}
}

@article{gottlieb1986,
  title={Hadronic coupling constants in lattice gauge theory},
  author={Gottlieb, Steven and MacKenzie, Paul B and Thacker, Hank B and Weingarten, Don},
  journal={Nuclear Physics B},
  volume={263},
  number={3},
  pages={704--730},
  year={1986},
  publisher={Elsevier}
}

@book{shavitt09,
  author    = {Isaiah Shavitt and Rodney J. Bartlett}, 
  title     = {Many-Body Methods in Chemistry and Physics},
  publisher = {Cambridge University Press},
  year      = 2009,
  month     = 7,
  isbn      = {9780521818322}
}

@article {fock1930,
author = {Fock, Vladimir},
title = {Näherungsmethode zur Losung des quanten-mechanischen Mehrkörperprobleme},
journal= {Zeitschrift für Physik},
volume = {61},
pages = {126-148},
year = {1930}
}

@article{slater1930,
  title = {Note on Hartree's Method},
  author = {Slater, J. C.},
  journal = {Phys. Rev.},
  volume = {35},
  issue = {2},
  pages = {210--211},
  numpages = {0},
  year = {1930},
  month = {Jan},
  publisher = {American Physical Society},
  doi = {10.1103/PhysRev.35.210.2},
  url = {http://link.aps.org/doi/10.1103/PhysRev.35.210.2}
}

@article{slater1929,
  title = {The Theory of Complex Spectra},
  author = {Slater, J. C.},
  journal = {Phys. Rev.},
  volume = {34},
  issue = {10},
  pages = {1293--1322},
  numpages = {0},
  year = {1929},
  month = {Nov},
  publisher = {American Physical Society},
  doi = {10.1103/PhysRev.34.1293},
  url = {http://link.aps.org/doi/10.1103/PhysRev.34.1293}
}

@article{maurice99,
   author = {{Maurice}, D. and {Head-Gordon}, M.},
    title = "{Analytical second derivatives for excited electronic states using the single excitation configuration interaction method: theory and application to benzo[a]pyrene and chalcone}",
  journal = {Molecular Physics},
     year = 1999,
   volume = 96,
    pages = {1533-1541},
      doi = {10.1080/00268979909483096},
   adsurl = {http://adsabs.harvard.edu/abs/1999MolPh..96.1533M},
  adsnote = {Provided by the SAO/NASA Astrophysics Data System}
}

@article{schrodinger26,
   author = {{Schr{\"o}dinger}, E.},
    title = "{Quantisierung als Eigenwertproblem}",
  journal = {Annalen der Physik},
     year = 1926,
   volume = 385,
    pages = {437-490},
      doi = {10.1002/andp.19263851302},
   adsurl = {http://adsabs.harvard.edu/abs/1926AnP...385..437S},
  adsnote = {Provided by the SAO/NASA Astrophysics Data System}
}

@article{brillouin32,
  author = {Brillouin, L.},
  title = {Les problèmes de perturbations et les champs self-consistents},
  DOI= "10.1051/jphysrad:0193200309037300",
  url= "http://dx.doi.org/10.1051/jphysrad:0193200309037300",
  journal = {J. Phys. Radium},
  year = 1932,
  volume = 3,
  number = 9,
  pages = "373-389",
}

@article {wigner35,
author = {Wigner, E.},
title = {On a modification of the Rayleigh–Schrödinger perturbation theory},
journal= {Math. Naturwiss. Anz. Ungar. Akad. Wiss.},
volume = {53},
pages = {477-482},
year = {1935}
}

@article{coester1960,
  title={Short-range correlations in nuclear wave functions},
  author={Coester, Fritz and K{\"u}mmel, Hermann},
  journal={Nuclear Physics},
  volume={17},
  pages={477--485},
  year={1960},
  publisher={Elsevier}
}

@article{cizek1966,
  title={On the correlation problem in atomic and molecular systems. calculation of wavefunction components in Ursell-type expansion using quantum-field theoretical methods},
  author={{\v{C}}{\'\i}{\v{z}}ek, Ji{\v{r}}{\'\i}},
  journal={The Journal of Chemical Physics},
  volume={45},
  number={11},
  pages={4256--4266},
  year={1966},
  publisher={AIP Publishing}
}

@article{cizek1969,
  title={On the use of the cluster expansion and the technique of diagrams in calculations of correlation effects in atoms and molecules},
  author={{\v{C}}{\'\i}{\v{z}}ek, Ji{\v{r}}{\'\i}},
  journal={Advances in Chemical Physics: Correlation Effects in Atoms and Molecules},
  volume={14},
  pages={35--89},
  year={1969}
}

@article{cizek1971,
  title={{Correlation problems in atomic and molecular systems III. Rederivation of the coupled-pair many-electron theory using the traditional quantum chemical methods}},
  author={{\v{C}}{\'\i}{\v{z}}ek, J and Paldus, J},
  journal={International Journal of Quantum Chemistry},
  volume={5},
  number={4},
  pages={359--379},
  year={1971},
  publisher={Wiley Online Library}
}

@article{mcmillan1965,
  title = {Ground State of Liquid ${\mathrm{He}}^{4}$},
  author = {McMillan, W. L.},
  journal = {Phys. Rev.},
  volume = {138},
  issue = {2A},
  pages = {A442--A451},
  numpages = {0},
  year = {1965},
  month = {Apr},
  publisher = {American Physical Society},
  doi = {10.1103/PhysRev.138.A442},
  url = {http://link.aps.org/doi/10.1103/PhysRev.138.A442}
}

@article{ceperley1977,
  title={Monte Carlo simulation of a many-fermion study},
  author={Ceperley, D and Chester, GV and Kalos, MH},
  journal={Physical Review B},
  volume={16},
  number={7},
  pages={3081},
  year={1977},
  publisher={APS}
}

@article{hastings1970,
  title={Monte Carlo sampling methods using Markov chains and their applications},
  author={Hastings, W Keith},
  journal={Biometrika},
  volume={57},
  number={1},
  pages={97--109},
  year={1970},
  publisher={Biometrika Trust}
}

@article{fokker1914,
  title={Die mittlere Energie rotierender elektrischer Dipole im Strahlungsfeld},
  author={Fokker, Adriaan Dani{\"e}l},
  journal={Annalen der Physik},
  volume={348},
  number={5},
  pages={810--820},
  year={1914},
  publisher={Wiley Online Library}
}

@article{planck1917,
  title={Über einen Satz der statistischen Dynamik und seine Erweiterung in der Quantentheorie},
  author={Planck, M.},
  journal={Sintz.ber. Preuß. Akad. Wiss. (Berlin)},
  pages={324-341},
  year={1917}
}

@article{langevin1908,
    author = {Langevin, Paul},
    journal = {C. R. Acad. Sci. Paris},
    pages = {530--533},
    title = {{Sur la th\'{e}orie du mouvement brownien}},
    volume = {146},
    year = {1908}
}

@article{moskowitz1981,
  title={{A new look at correlations in atomic and molecular systems. I. Application of fermion Monte Carlo variational method}},
  author={Moskowitz, Jules W and Kalos, MH},
  journal={International Journal of Quantum Chemistry},
  volume={20},
  number={5},
  pages={1107--1119},
  year={1981},
  publisher={Wiley Online Library}
}

@book{newton1671,
  author    = "Isaac Newton",
  title     = "Methodus fluxionum et serierum infinitarum",
  publisher = "",
  year      = "1671"
}

@book{raphson1702,
  title={Analysis aequationum universalis},
  author={Raphson, Joseph},
  year={1702},
  publisher={typis TB prostant venales apud A. \& I. Churchill}
}

@article{cajori1911,
 ISSN = {00029890, 19300972},
 URL = {http://www.jstor.org/stable/2973939},
 author = {Florian Cajori},
 journal = {The American Mathematical Monthly},
 number = {2},
 pages = {29-32},
 publisher = {Mathematical Association of America},
 title = {Historical Note on the Newton-Raphson Method of Approximation},
 volume = {18},
 year = {1911}
}


@book{langtangen2011primer,
  title={A primer on scientific programming with Python},
  author={Langtangen, Hans Petter},
  volume={6},
  year={2011},
  publisher={Springer}
}

@book{langtangen2006python,
  title={Python scripting for computational science},
  author={Langtangen, Hans Petter},
  volume={3},
  year={2006},
  publisher={Springer}
}

@book{hjorthjensen2010,
  title={Computational Physics},
  author={Hjorth-Jensen, Morten},
  year={2010},
}

@article{lohne2011DMC,
  title={Ab initio computation of the energies of circular quantum dots},
  author={Lohne, M Pedersen and Hagen, Gaute and Hjorth-Jensen, Morten and Kvaal, Simen and Pederiva, F},
  journal={Physical Review B},
  volume={84},
  number={11},
  pages={115302},
  year={2011},
  publisher={APS}
}

@mastersthesis{reimannSRGT,
  author={Reimann, Sarah},
  title={Quantum-mechanical systems in traps and Similarity
Renormalization Group theory},
  school={University of Oslo},
  year={2013}
}

@mastersthesis{hirthCC,
  author={Hirth, Christoffer},
  title={Ab initio coupledcluster
analysis using OpenCL and GPU programming},
  school={University of Oslo},
  year={2012}
}

@mastersthesis{olsenFCI,
  author={Olsen, Veronica K. B.},
  title={Full Configuration Interaction Simulation
of Quantum Dots},
  school={University of Oslo},
  year={2012}
}

@mastersthesis{hogbergetDMC,
  author={Høgberget, Jørgen},
  title={Quantum Monte-Carlo Studies of
Generalized Many-body Systems},
  school={University of Oslo},
  year={2013}
}

@article {born1927,
author = {Born, M. and Oppenheimer, R.},
title = {Zur Quantentheorie der Molekeln},
journal = {Annalen der Physik},
volume = {389},
number = {20},
publisher = {WILEY-VCH Verlag},
issn = {1521-3889},
url = {http://dx.doi.org/10.1002/andp.19273892002},
doi = {10.1002/andp.19273892002},
pages = {457--484},
year = {1927},
}

@book{mortens_notes,
  author      = {Morten Hjorth-Jensen},
  title       = {Computational Physics: Lecture notes},
  year        = "2013",
  month       = "October",
}

@book{press2007numerical,
  title={Numerical recipes 3rd edition: The art of scientific computing},
  author={Press, William H},
  year={2007},
  publisher={Cambridge university press}
}

@article{taut1993two,
  title={Two electrons in an external oscillator potential: Particular analytic solutions of a Coulomb correlation problem},
  author={Taut, M},
  journal={Physical Review A},
  volume={48},
  number={5},
  pages={3561},
  year={1993},
  publisher={APS}
}

@article{sanderson2010armadillo,
  title={Armadillo: An open source C++ linear algebra library for fast prototyping and computationally intensive experiments},
  author={Sanderson, Conrad},
  year={2010},
  publisher={NICTA}
}

@misc {top500,
title = {{TIANHE-2} - top500},
year = {2015},
howpublished = {\url{http://www.top500.org/system/177999}},
note = {Accessed: 2016-05-31}
}

@article{Landman07,
  author={Constantine Yannouleas and Uzi Landman},
  title={Symmetry breaking and quantum correlations in finite systems: studies of quantum dots and ultracold Bose gases and related nuclear and chemical methods},
  journal={Reports on Progress in Physics},
  volume={70},
  number={12},
  pages={2067},
  url={http://stacks.iop.org/0034-4885/70/i=12/a=R02},
  year={2007}
}

@article{wigner1934interaction,
  title={On the interaction of electrons in metals},
  author={Wigner, Eugene},
  journal={Physical Review},
  volume={46},
  number={11},
  pages={1002},
  year={1934},
  publisher={APS}
}

@article{fock1930bemerkung,
  title={Bemerkung zum virialsatz},
  author={Fock, V},
  journal={Zeitschrift f{\"u}r Physik},
  volume={63},
  number={11-12},
  pages={855--858},
  year={1930},
  publisher={Springer}
}

@Manual{sympy,
title = {SymPy: Python library for symbolic mathematics},
author = {{SymPy Development Team}},
year = {2016},
url = {http://www.sympy.org},
}

@mastersthesis{skattum13,
  author={Sigve B. Skattum},
  title={Time Evolution of Quantum Dots},
  school={University of Oslo},
  year={2013}
}

@article{kohn1965self,
  title={Self-consistent equations including exchange and correlation effects},
  author={Kohn, Walter and Sham, Lu Jeu},
  journal={Physical review},
  volume={140},
  number={4A},
  pages={A1133},
  year={1965},
  publisher={APS}
}

@article{yukawa1935interaction,
  title={On the interaction of elementary particles. I},
  author={Yukawa, Hideki},
  journal={Nippon Sugaku-Buturigakkwai Kizi Dai 3 Ki},
  volume={17},
  number={0},
  pages={48--57},
  year={1935},
  publisher={THE PHYSICAL SOCIETY OF JAPAN, The Mathematical Society of Japan}
}