@article{beh2,
  title={Hardware-efficient variational quantum eigensolver for small molecules and quantum magnets},
  author={Abhinav Kandala and Antonio Mezzacapo and Kristan Temme and Maika Takita and Markus Brink and Jerry M. Chow and Jay M. Gambetta},
  journal={Nature},
  year={2017},
  volume={549},
  pages={242-246},
  doi={10.1038/nature23879}
}

\bibitemsep

@article{
h12,
author = {Google AI Quantum and Collaborators, Frank Arute  and Kunal Arya  and Ryan Babbush  and Dave Bacon  and Joseph C. Bardin  and Rami Barends  and Sergio Boixo  and Michael Broughton  and Bob B. Buckley  and David A. Buell  and Brian Burkett  and Nicholas Bushnell  and Yu Chen  and Zijun Chen  and Benjamin Chiaro  and Roberto Collins  and William Courtney  and Sean Demura  and Andrew Dunsworth  and Edward Farhi  and Austin Fowler  and Brooks Foxen  and Craig Gidney  and Marissa Giustina  and Rob Graff  and Steve Habegger  and Matthew P. Harrigan  and Alan Ho  and Sabrina Hong  and Trent Huang  and William J. Huggins  and Lev Ioffe  and Sergei V. Isakov  and Evan Jeffrey  and Zhang Jiang  and Cody Jones  and Dvir Kafri  and Kostyantyn Kechedzhi  and Julian Kelly  and Seon Kim  and Paul V. Klimov  and Alexander Korotkov  and Fedor Kostritsa  and David Landhuis  and Pavel Laptev  and Mike Lindmark  and Erik Lucero  and Orion Martin  and John M. Martinis  and Jarrod R. McClean  and Matt McEwen  and Anthony Megrant  and Xiao Mi  and Masoud Mohseni  and Wojciech Mruczkiewicz  and Josh Mutus  and Ofer Naaman  and Matthew Neeley  and Charles Neill  and Hartmut Neven  and Murphy Yuezhen Niu  and Thomas E. O’Brien  and Eric Ostby  and Andre Petukhov  and Harald Putterman  and Chris Quintana  and Pedram Roushan  and Nicholas C. Rubin  and Daniel Sank  and Kevin J. Satzinger  and Vadim Smelyanskiy  and Doug Strain  and Kevin J. Sung  and Marco Szalay  and Tyler Y. Takeshita  and Amit Vainsencher  and Theodore White  and Nathan Wiebe  and Z. Jamie Yao  and Ping Yeh  and Adam Zalcman },
title = {Hartree-Fock on a superconducting qubit quantum computer},
journal = {Science},
volume = {369},
number = {6507},
pages = {1084-1089},
year = {2020},
doi = {10.1126/science.abb9811}
}

\bibitemsep

@article{deuteron,
  title = {Cloud Quantum Computing of an Atomic Nucleus},
  author = {Dumitrescu, E. F. and McCaskey, A. J. and Hagen, G. and Jansen, G. R. and Morris, T. D. and Papenbrock, T. and Pooser, R. C. and Dean, D. J. and Lougovski, P.},
  journal = {Phys. Rev. Lett.},
  volume = {120},
  issue = {21},
  pages = {210501},
  year = {2018},
  publisher = {American Physical Society},
  doi = {10.1103/PhysRevLett.120.210501},
}

\bibitemsep

@article{schrodinger,
  title = {An Undulatory Theory of the Mechanics of Atoms and Molecules},
  author = {Schr\"odinger, E.},
  journal = {Phys. Rev.},
  volume = {28},
  issue = {6},
  pages = {1049--1070},
  year = {1926},
  publisher = {American Physical Society},
  doi = {10.1103/PhysRev.28.1049},
}

\bibitemsep

@article{fock,
      author = {{Fock}, V.},
        title = "{Konfigurationsraum und zweite Quantelung}",
      journal = {Zeitschrift fur Physik},
         year = {1932},
      volume = {75},
      number = {9-10},
        pages = {622-647},
          doi = {10.1007/BF01344458},
}

\bibitemsep

@article{slater,
  title = {The Theory of Complex Spectra},
  author = {Slater, J. C.},
  journal = {Phys. Rev.},
  volume = {34},
  issue = {10},
  pages = {1293--1322},
  year = {1929},
  publisher = {American Physical Society},
  doi = {10.1103/PhysRev.34.1293},
}

\bibitemsep

@misc{morten_second_quant, url={http://nucleartalent.github.io/Course2ManyBodyMethods/doc/pub/secondquant/html/secondquant-bs.html},
author={Hjorth-Jensen, Morten}} 

\bibitemsep

@article{dirac,
  title = {The quantum theory of the emission and absorption of radiation},
  author = {Dirac, P.},
  journal = {Proc. R. Soc.},
  volume = {144},
  issue = {767},
  pages = {243--265},
  year = {1927},
  publisher = {The Royal Society},
  doi = {10.1098/rspa.1927.0039},
}

\bibitemsep

@article{ref:wick,
  title = {The Evaluation of the Collision Matrix},
  author = {Wick, G. C.},
  journal = {Phys. Rev.},
  volume = {80},
  issue = {2},
  pages = {268--272},
  year = {1950},
  publisher = {American Physical Society},
  doi = {10.1103/PhysRev.80.268},
}

\bibitemsep

@article{hartree,
  title = {Self-consistent field, with exchange, for beryllium},
  author = {Hartree, W.},
  journal = {Proc. R. Soc.},
  volume = {50},
  issue = {869},
  pages = {9–33},
  year = {1935},
  publisher = {The Royal Society},
  doi = {10.1098/rspa.1935.0085},
}

\bibitemsep

@misc{hf_derivation,
url={https://www.fc.up.pt/pessoas/jlsantos/wp-content/myuploads/NewperspectiveHartreeFock.pdf},
author={Lopes dos Santos, J.}
}

\bibitemsep

@inbook{morten_book, place={Cham}, title={Computational Nucl. Phys. and Post Hartree-Fock Methods}, booktitle={An advanced course in computational Nucl. Phys. bridging the scales from quarks to neutron stars}, publisher={Springer International Publishing}, author={Lietz, J.G. and Jansen, G.R. and Hagen, G. and Hjorth-Jensen, M.}, year={2017}, pages={327–333}} 

\bibitemsep

@phdthesis{partition,
  author  = "Tichai, Alexander",
  title   = "Many-Body Perturbation Theory for Ab Initio Nuclear Structure",
  school  = "Technical University of Darmstadt",
  year    = "2017",
}

\bibitemsep

@inbook{higher_terms, place={Cham}, title={Computational Nucl. Phys. and Post Hartree-Fock Methods}, booktitle={An advanced course in computational Nucl. Phys. bridging the scales from quarks to neutron stars}, publisher={Springer International Publishing}, author={Lietz, J.G. and Jansen, G.R. and Hagen, G. and Hjorth-Jensen, M.}, year={2017}, pages={332–333}} 

\bibitemsep

@article{coupled_cluster_theory,
title = {Bound states of a many-particle system},
journal = {Nucl. Phys.},
volume = {7},
pages = {421-424},
year = {1958},
doi = {https://doi.org/10.1016/0029-5582(58)90280-3},
author = {F., Coester}
}

\bibitemsep

@article{ref:pccd,
author = {Henderson, Thomas and Bulik, Ireneusz and Stein, Tamar and Scuseria, Gustavo},
year = {2014},
title = {Seniority-based coupled cluster theory},
volume = {141},
journal = {J. Chem. Phys.},
doi = {10.1063/1.4904384}
}

\bibitemsep

@article{ref:ucc,
title = {Alternative coupled-cluster ansätze II. The unitary coupled-cluster method},
journal = {Chem. Phys. Lett.},
volume = {155},
number = {1},
pages = {133-140},
year = {1989},
doi = {https://doi.org/10.1016/S0009-2614(89)87372-5},
author = {Rodney J. Bartlett and Stanislaw A. Kucharski and Jozef Noga},
}

\bibitemsep

@article{ref:feynman,
title = {Simulating physics with computers},
journal = {Int. J. Theor. Phys.},
volume = {21},
pages = {467-488},
year = {1982},
doi = {10.1007/BF02650179},
author = {Feynman, Richard P.},
}

\bibitemsep

@misc{eagle, title={IBM quantum breaks the 100‑qubit processor barrier}, url={https://research.ibm.com/blog/127-qubit-quantum-processor-eagle}, journal={IBM Research Blog}, publisher={IBM}, author={Chow, Jerry and Dial, Oliver and Gambetta, Jay}, year={2022}, month={Feb}} 

\bibitemsep

@article{ref:bloch_sphere,
  title = {Atomic Coherent States in Quantum Optics},
  author = {Arecchi, F. T. and Courtens, Eric and Gilmore, Robert and Thomas, Harry},
  journal = {Phys. Rev. A},
  volume = {6},
  issue = {6},
  pages = {2211--2237},
  year = {1972},
  publisher = {American Physical Society},
  doi = {10.1103/PhysRevA.6.2211},
}

\bibitemsep

@inbook{qcqi, place={Cambridge}, title={Quantum Circuits}, booktitle={Quantum Computation and Quantum Information}, publisher={Cambridge University Press}, author={Nielsen, Michael A. and Chuang, Isaac L.}, year={2021}} 
 
\bibitemsep

 @misc{ref:bloch_pic,
   author = "Wikimedia Commons",
   title = "File:Bloch sphere.svg --- Wikimedia Commons{,} the free media repository",
   year = "2022",
   url = "https://commons.wikimedia.org/w/index.php?title=File:Bloch_sphere.svg&oldid=630223048",
   note = "[Online; accessed 14-August-2022]"
 }
 
 \bibitemsep

@article{ref:kak,
  title = {Optimal quantum circuits for general two-qubit gates},
  author = {Vatan, Farrokh and Williams, Colin},
  journal = {Phys. Rev. A},
  volume = {69},
  issue = {3},
  pages = {032315},
  numpages = {5},
  year = {2004},
  publisher = {American Physical Society},
  doi = {10.1103/PhysRevA.69.032315},
}

\bibitemsep

@article{ref:qpe,
  title={Quantum measurements and the Abelian Stabilizer Problem},
  author={Alexei Y. Kitaev},
  journal={Electron. Colloquium Comput. Complex.},
  year={1996},
  volume={3}
}

\bibitemsep

@article{ref:vqe,
  title = { A variational eigenvalue solver on a photonic quantum processor},
  author = {Peruzzo, Alberto and McClean, Jarrod andS hadbolt, Peter and Yung, Man-Hong and Zhou, Xiao-Qi and Love, Peter J. and Aspuru-Guzik, Alán and O’Brien, Jeremy L.},
  journal = {Nat. Commun.},
  volume = {5},
  issue = {1},
  year = {2014},
  doi = {10.1038/ncomms5213},
}

\bibitemsep

 @book{ref:lln, title={Ars Conjectandi: Usum &amp; Applicationem Praecedentis Doctrinae in Civilibus, Moralibus &amp; Oeconomicis}, author={Bernoulli, Jakob}} 

\bibitemsep

@article{ref:precision,
  title = {Accelerated Variational Quantum Eigensolver},
  author = {Wang, Daochen and Higgott, Oscar and Brierley, Stephen},
  journal = {Phys. Rev. Lett.},
  volume = {122},
  issue = {14},
  pages = {140504},
  year = {2019},
  publisher = {American Physical Society},
  doi = {10.1103/PhysRevLett.122.140504},
}

\bibitemsep

@article{ref:transformations,
  title = {The Bravyi-Kitaev transformation for quantum computation of electronic structure},
  author = {Seeley, Jacob T. and Richard, Martin J, and Love, Peter J.},
  journal = {J. Chem. Phys.},
  volume = {137},
  year = {2012},
  doi = {10.1063/1.4768229},
}

\bibitemsep

@article{ref:jwt,
  title = {Über das Paulische Äquivalenzverbot},
  author = {Jordan, P. and Wigner, E.},
  journal = {Zeitschrift für Physik},
  volume = {47},
  year = {1928},
  doi = {10.1007/BF01331938},
}

\bibitemsep

@article{ref:lipkin,
title = {Validity of many-body approximation methods for a solvable model: (II). Linearization procedures},
journal = {Nucl. Phys.},
volume = {62},
number = {2},
pages = {199-210},
year = {1965},
doi = {https://doi.org/10.1016/0029-5582(65)90863-1},
author = {N. Meshkov and A.J. Glick and H.J. Lipkin}
}

\bibitemsep

@misc{ref:lipkin_slide,
author={Nazarewicz, Witold},
title={Computational Problem Lipkin Model},
publisher={Michigan State University}
}

\bibitemsep

@article{ref:lipkin_naive,
  title = {Lipkin model on a quantum computer},
  author = {Cervia, Michael J. and Balantekin, A. B. and Coppersmith, S. N. and Johnson, Calvin W. and Love, Peter J. and Poole, C. and Robbins, K. and Saffman, M.},
  journal = {Phys. Rev. C},
  volume = {104},
  issue = {2},
  pages = {024305},
  year = {2021},
  publisher = {American Physical Society},
  doi = {10.1103/PhysRevC.104.024305},
}

\bibitemsep

@article{ref:lipkin_clever,
  title = {Benchmarking near-term quantum devices with the variational quantum eigensolver and the Lipkin-Meshkov-Glick model},
  author = {Robbins, Kenneth and Love, Peter J.},
  journal = {Phys. Rev. A},
  volume = {104},
  issue = {2},
  pages = {022412},
  year = {2021},
  publisher = {American Physical Society},
  doi = {10.1103/PhysRevA.104.022412},
}

\bibitemsep

@article{ref:dean,
	doi = {10.1103/revmodphys.75.607},
	year = 2003,
	publisher = {American Physical Society},
	volume = {75},
	number = {2},
	pages = {607--656},
	author = {D. J. Dean and M. Hjorth-Jensen},
	title = {Pairing in nuclear systems: from neutron stars to finite nuclei},
	journal = {RMP}
}

\bibitemsep

@misc{ref:scholar, title={Exactly solvable models of nuclei}, url={http://www.scholarpedia.org/article/Exactly_solvable_models_of_nuclei#Pan98}, journal={Scholarpedia}, publisher={Scholarpedia}, author={Isacker, Piet Van and Heyde, Kristiaan}, year={2014}} 

\bibitemsep

@article{ref:racah,
  title = {Theory of Complex Spectra. III},
  author = {Racah, Giulio},
  journal = {Phys. Rev.},
  volume = {63},
  issue = {9-10},
  pages = {367--382},
  year = {1943},
  publisher = {American Physical Society},
  doi = {10.1103/PhysRev.63.367},
}

\bibitemsep

@article{ref:bmp,
  title = {Possible Analogy between the Excitation Spectra of Nuclei and Those of the Superconducting Metallic State},
  author = {Bohr, A. and Mottelson, B. R. and Pines, D.},
  journal = {Phys. Rev.},
  volume = {110},
  issue = {4},
  pages = {936--938},
  year = {1958},
  publisher = {American Physical Society},
  doi = {10.1103/PhysRev.110.936},
}

\bibitemsep

@article{ref:bcs,
  title = {Theory of Superconductivity},
  author = {Bardeen, J. and Cooper, L. N. and Schrieffer, J. R.},
  journal = {Phys. Rev.},
  volume = {108},
  issue = {5},
  pages = {1175--1204},
  year = {1957},
  publisher = {American Physical Society},
  doi = {10.1103/PhysRev.108.1175},
}

\bibitemsep

@article{ref:rich1,
title = {A restricted class of exact eigenstates of the pairing-force Hamiltonian},
journal = {Phys. Lett.},
volume = {3},
number = {6},
pages = {277-279},
year = {1963},
doi = {https://doi.org/10.1016/0031-9163(63)90259-2},
}

\bibitemsep

@article{ref:rich2,
title = {Exact eigenstates of the pairing-force Hamiltonian},
journal = {Nucl. Phys.},
volume = {52},
pages = {221-238},
year = {1964},
doi = {https://doi.org/10.1016/0029-5582(64)90687-X},
author = {R.W. Richardson and N. Sherman}
}

\bibitemsep

@article{ref:rich_der,
author = {Id Betan, Rodolfo},
year = {2017},
pages = {012003},
title = {Richardson’s Solutions in the Real– and Complex–Energy Spectrum},
volume = {839},
journal = {J. Phys. Conf. Ser.},
doi = {10.1088/1742-6596/839/1/012003}
}

\bibitemsep

@article{ref:trotter,
  title = {On the product of semi-groups of operators},
  author = {Trotter, H. F.},
  journal = {Proc. Amer. Math. Soc.},
  volume = {10},
  year = {1959},
  publisher = {American Mathematical Society},
  doi = {10.1090/S0002-9939-1959-0108732-6},
}

\bibitemsep

@article{ref:phsn,
  title = {Simulating quantum chemistry in the seniority-zero space on qubit-based quantum computers},
  author = {Elfving, Vincent E. and Millaruelo, Marta and G\'amez, Jos\'e A. and Gogolin, Christian},
  journal = {Phys. Rev. A},
  volume = {103},
  issue = {3},
  pages = {032605},
  year = {2021},
  publisher = {American Physical Society},
  doi = {10.1103/PhysRevA.103.032605},
}

\bibitemsep

@article{ref:dicke,
  title = {Coherence in Spontaneous Radiation Processes},
  author = {Dicke, R. H.},
  journal = {Phys. Rev.},
  volume = {93},
  issue = {1},
  pages = {99--110},
  numpages = {0},
  year = {1954},
  publisher = {American Physical Society},
  doi = {10.1103/PhysRev.93.99},
  url = {https://link.aps.org/doi/10.1103/PhysRev.93.99}
}

\bibitemsep

@article{ref:cno,
  title = {Simulation of collective neutrino oscillations on a quantum computer},
  author = {Hall, Benjamin and Roggero, Alessandro and Baroni, Alessandro and Carlson, Joseph},
  journal = {Phys. Rev. D},
  volume = {104},
  issue = {6},
  pages = {063009},
  year = {2021},
  publisher = {American Physical Society},
  doi = {10.1103/PhysRevD.104.063009},
}

\bibitemsep

@article{ref:dicke_prep,
  title = {Deterministic Preparation of Dicke States},
  author = {Bartschi, Andreas and Eidenbenz, Stephan},
  journal = {Phys. Rev. D},
  volume = {104},
  issue = {6},
  pages = {063009},
  year = {2021},
  publisher = {American Physical Society},
  doi = {10.1103/PhysRevD.104.063009},
}

@article{ref:dicke_prep_dac,
  author={Aktar, Shamminuj and B&#x00E4;rtschi, Andreas and Badawy, Abdel-Hameed A. and Eidenbenz, Stephan},
  journal={IEEE TQE}, 
  title={A Divide-and-Conquer Approach to Dicke State Preparation}, 
  year={2022},
  volume={3},
  pages={1-16},
  doi={10.1109/TQE.2022.3174547}}

\bibitemsep

@article{Peters2004,
title = {Mixed-state sensitivity of several quantum-information benchmarks},
  author = {Peters, Nicholas A. and Wei, Tzu-Chieh and Kwiat, Paul G.},
  journal = {Phys. Rev. A},
  volume = {70},
  issue = {5},
  pages = {052309},
  year = {2004},
  publisher = {American Physical Society},
  doi = {10.1103/PhysRevA.70.052309},
}

\bibitemsep

@article{Karlsson2016,
  title = {Non-Markovian dynamics in two-qubit dephasing channels with an application to superdense coding},
  author = {Karlsson, Antti and Lyyra, Henri and Laine, Elsi-Mari and Maniscalco, Sabrina and Piilo, Jyrki},
  journal = {Phys. Rev. A},
  volume = {93},
  issue = {3},
  pages = {032135},
  numpages = {7},
  year = {2016},
  publisher = {American Physical Society},
  doi = {10.1103/PhysRevA.93.032135},
}

\bibitemsep

@article{Wallman2016,
  title = {Noise tailoring for scalable quantum computation via randomized compiling},
  author = {Wallman, Joel J. and Emerson, Joseph},
  journal = {Phys. Rev. A},
  volume = {94},
  issue = {5},
  pages = {052325},
  year = {2016},
  publisher = {American Physical Society},
  doi = {10.1103/PhysRevA.94.052325},
}

\bibitemsep

@article{Li2017,
  title = {Efficient Variational Quantum Simulator Incorporating Active Error Minimization},
  author = {Li, Ying and Benjamin, Simon C.},
  journal = {Phys. Rev. X},
  volume = {7},
  issue = {2},
  pages = {021050},
  numpages = {14},
  year = {2017},
  publisher = {American Physical Society},
  doi = {10.1103/PhysRevX.7.021050},
}

\bibitemsep

@article{Dumitrescu2018,
  title = {Cloud Quantum Computing of an Atomic Nucleus},
  author = {Dumitrescu, E. F. and McCaskey, A. J. and Hagen, G. and Jansen, G. R. and Morris, T. D. and Papenbrock, T. and Pooser, R. C. and Dean, D. J. and Lougovski, P.},
  journal = {Phys. Rev. Lett.},
  volume = {120},
  issue = {21},
  pages = {210501},
  year = {2018},
  publisher = {American Physical Society},
  doi = {10.1103/PhysRevLett.120.210501},
}

\bibitemsep

@article{Kandala2019,
  title = {Error mitigation extends the computational reach of a noisy quantum processor},
  author = {Kandala, A. and Temme, K. and Córcoles, A. D. and Mezzacapo, A. and Chow, J. M. and Gambetta, J. M.},
  journal = {Nature},
  volume = {567},
  issue = {7749},
  pages = {491},
  year = {2019},
  doi = {10.1038/s41586-019-1040-7},
}

\bibitemsep

@article{Endo2018,
  title = {Practical Quantum Error Mitigation for Near-Future Applications},
  author = {Endo, Suguru and Benjamin, Simon C. and Li, Ying},
  journal = {Phys. Rev. X},
  volume = {8},
  issue = {3},
  pages = {031027},
  year = {2018},
  publisher = {American Physical Society},
  doi = {10.1103/PhysRevX.8.031027},
}

\bibitemsep

@article{Endo2019,
  title = {Mitigating algorithmic errors in a Hamiltonian simulation},
  author = {Endo, Suguru and Zhao, Qi and Li, Ying and Benjamin, Simon and Yuan, Xiao},
  journal = {Phys. Rev. A},
  volume = {99},
  issue = {1},
  pages = {012334},
  year = {2019},
  publisher = {American Physical Society},
  doi = {10.1103/PhysRevA.99.012334},
}

\bibitemsep

@article{Temme2017,
  title = {Error Mitigation for Short-Depth Quantum Circuits},
  author = {Temme, Kristan and Bravyi, Sergey and Gambetta, Jay M.},
  journal = {Phys. Rev. Lett.},
  volume = {119},
  issue = {18},
  pages = {180509},
  year = {2017},
  publisher = {American Physical Society},
  doi = {10.1103/PhysRevLett.119.180509},
}

\bibitemsep

@article{Wooters1998,
  title = {Entanglement of Formation of an Arbitrary State of Two Qubits},
  author = {Wootters, William K.},
  journal = {Phys. Rev. Lett.},
  volume = {80},
  issue = {10},
  pages = {2245--2248},
  year = {1998},
  publisher = {American Physical Society},
  doi = {10.1103/PhysRevLett.80.2245},
}

\bibitemsep

@article{Hill1997,
  title = {Entanglement of a Pair of Quantum Bits},
  author = {Hill, Scott and Wootters, William K.},
  journal = {Phys. Rev. Lett.},
  volume = {78},
  issue = {26},
  pages = {5022--5025},
  year = {1997},
  publisher = {American Physical Society},
  doi = {10.1103/PhysRevLett.78.5022},
}

\bibitemsep

@article{Pehlivan2011,
  title = {Invariants of collective neutrino oscillations},
  author = {Pehlivan, Y. and Balantekin, A. B. and Kajino, Toshitaka and Yoshida, Takashi},
  journal = {Phys. Rev. D},
  volume = {84},
  issue = {6},
  pages = {065008},
  year = {2011},
  publisher = {American Physical Society},
  doi = {10.1103/PhysRevD.84.065008},
}

\bibitemsep

@article{Carlson2015,
  title = {Quantum Monte Carlo methods for Nucl. Phys.},
  author = {Carlson, J. and Gandolfi, S. and Pederiva, F. and Pieper, Steven C. and Schiavilla, R. and Schmidt, K. E. and Wiringa, R. B.},
  journal = {Rev. Mod. Phys.},
  volume = {87},
  issue = {3},
  pages = {1067--1118},
  year = {2015},
  publisher = {American Physical Society},
  doi = {10.1103/RevModPhys.87.1067},
}

\bibitemsep

@article{vidal2004,
  title = {Universal quantum circuit for two-qubit transformations with three controlled-NOT gates},
  author = {Vidal, G. and Dawson, C. M.},
  journal = {Phys. Rev. A},
  volume = {69},
  issue = {1},
  pages = {010301},
  year = {2004},
  publisher = {American Physical Society},
  doi = {10.1103/PhysRevA.69.010301},
}

\bibitemsep

@article{vatan2004,
  title = {Optimal quantum circuits for general two-qubit gates},
  author = {Vatan, Farrokh and Williams, Colin},
  journal = {Phys. Rev. A},
  volume = {69},
  issue = {3},
  pages = {032315},
  year = {2004},
  publisher = {American Physical Society},
  doi = {10.1103/PhysRevA.69.032315},
}

\bibitemsep

@article{Monroe2019,
  title = {Programmable quantum simulations of spin systems with trapped ions},
  author = {Monroe, C. and Campbell, W. C. and Duan, L.-M. and Gong, Z.-X. and Gorshkov, A. V. and Hess, P. W. and Islam, R. and Kim, K. and Linke, N. M. and Pagano, G. and Richerme, P. and Senko, C. and Yao, N. Y.},
  journal = {Rev. Mod. Phys.},
  volume = {93},
  issue = {2},
  pages = {025001},
  year = {2021},
  month = {Apr},
  publisher = {American Physical Society},
  doi = {10.1103/RevModPhys.93.025001},
}

\bibitemsep

@article{Kivlichan2018,
  title = {Quantum Simulation of Electronic Structure with Linear Depth and Connectivity},
  author = {Kivlichan, Ian D. and McClean, Jarrod and Wiebe, Nathan and Gidney, Craig and Aspuru-Guzik, Al\'an and Chan, Garnet Kin-Lic and Babbush, Ryan},
  journal = {Phys. Rev. Lett.},
  volume = {120},
  issue = {11},
  pages = {110501},
  year = {2018},
  publisher = {American Physical Society},
  doi = {10.1103/PhysRevLett.120.110501},
}

\bibitemsep

@article{Roggero_nptodg,
  title = {Preparation of excited states for nuclear dynamics on a quantum computer},
  author = {Roggero, Alessandro and Gu, Chenyi and Baroni, Alessandro and Papenbrock, Thomas},
  journal = {Phys. Rev. C},
  volume = {102},
  issue = {6},
  pages = {064624},
  year = {2020},
  publisher = {American Physical Society},
  doi = {10.1103/PhysRevC.102.064624},
}

\bibitemsep

@article{Childs2019,
  doi = {10.22331/q-2019-09-02-182},
  title = {Faster quantum simulation by randomization},
  author = {Childs, Andrew M. and Ostrander, Aaron and Su, Yuan},
  journal = {Quantum},
  publisher = {{Verein zur F{\"{o}}rderung des Open Access Publizierens in den Quantenwissenschaften}},
  volume = {3},
  pages = {182},
  year = {2019}
}

\bibitemsep

@article{roggero2020A,
  title = {Quantum computing for neutrino-nucleus scattering},
  author = {Roggero, Alessandro and Li, Andy C. Y. and Carlson, Joseph and Gupta, Rajan and Perdue, Gabriel N.},
  journal = {Phys. Rev. D},
  volume = {101},
  issue = {7},
  pages = {074038},
  year = {2020},
  publisher = {American Physical Society},
  doi = {10.1103/PhysRevD.101.074038},
}

\bibitemsep

@article{Czartowski2020,
  title = {Isoentangled Mutually Unbiased Bases, Symmetric Quantum Measurements, and Mixed-State Designs},
  author = {Czartowski, Jakub and Goyeneche, Dardo and Grassl, Markus and \ifmmode \dot{Z}\else \.{Z}\fi{}yczkowski, Karol},
  journal = {Phys. Rev. Lett.},
  volume = {124},
  issue = {9},
  pages = {090503},
  year = {2020},
  publisher = {American Physical Society},
  doi = {10.1103/PhysRevLett.124.090503},
}

\bibitemsep

@article{Schmied2016,
author = {Schmied, Roman},
title = {Quantum state tomography of a single qubit: comparison of methods},
journal = {J. Mod. Opt.},
volume = {63},
number = {18},
year  = {2016},
publisher = {Taylor & Francis},
doi = {10.1080/09500340.2016.1142018},
}

\bibitemsep

@article{Rrapaj2020,
  title = {Exact solution of multiangle quantum many-body collective neutrino-flavor oscillations},
  author = {Rrapaj, Ermal},
  journal = {Phys. Rev. C},
  volume = {101},
  issue = {6},
  pages = {065805},
  year = {2020},
  publisher = {American Physical Society},
  doi = {10.1103/PhysRevC.101.065805},
}

\bibitemsep

@misc{IBMQ_Vigo,
author = {5qubit backed: IBM Q team},
title = {{I}{B}{M} {V}igo backend specification V1.0.2},
year = {2020},
note = {Retrieved from https://quantum-computing.ibm.com},
url = {https://quantum-computing.ibm.com}
}

\bibitemsep

@misc{qiskit,
      author = {H{\'e}ctor Abraham et al.},
      title = {Qiskit: An Open-source Framework for Quantum Computing},
      year = {2019},
      doi = {10.5281/zenodo.2562110}
}

\bibitemsep

@article{Banaszek1999,
  title = {Maximum-likelihood estimation of the density matrix},
  author = {Banaszek, K. and D'Ariano, G. M. and Paris, M. G. A. and Sacchi, M. F.},
  journal = {Phys. Rev. A},
  volume = {61},
  issue = {1},
  pages = {010304},
  year = {1999},
  publisher = {American Physical Society},
  doi = {10.1103/PhysRevA.61.010304},
}

\bibitemsep

@article{He2020,
  title = {Zero-noise extrapolation for quantum-gate error mitigation with identity insertions},
  author = {He, Andre and Nachman, Benjamin and de Jong, Wibe A. and Bauer, Christian W.},
  journal = {Phys. Rev. A},
  volume = {102},
  issue = {1},
  pages = {012426},
  year = {2020},
  publisher = {American Physical Society},
  doi = {10.1103/PhysRevA.102.012426},
}

\bibitemsep

@article{Mikheev:1986gs,
    author = "Mikheyev, S.P. and Smirnov, A.Yu.",
    title = "{Resonance Amplification of Oscillations in Matter and Spectroscopy of Solar Neutrinos}",
    journal = "Sov. J. Nucl. Phys.",
    volume = "42",
    pages = "913--917",
    year = "1985"
}

\bibitemsep

@article{Ceperley1995,
  title = {Path integrals in the theory of condensed helium},
  author = {Ceperley, D. M.},
  journal = {Rev. Mod. Phys.},
  volume = {67},
  issue = {2},
  pages = {279--355},
  year = {1995},
  publisher = {American Physical Society},
  doi = {10.1103/RevModPhys.67.279},
}

\bibitemsep

@article{Lloyd96,
	author = {Lloyd, Seth},
	title = {Universal Quantum Simulators},
	volume = {273},
	number = {5278},
	pages = {1073--1078},
	year = {1996},
	doi = {10.1126/science.273.5278.1073},
	publisher = {American Association for the Advancement of Science},
	abstract = {Feynman{\textquoteright}s 1982 conjecture, that quantum computers can be programmed to simulate any local quantum system, is shown to be correct.},
	journal = {Science}
}

\bibitemsep

@article{Roggero2020_nu,
  title = {Quantum computing for neutrino-nucleus scattering},
  author = {Roggero, Alessandro and Li, Andy C. Y. and Carlson, Joseph and Gupta, Rajan and Perdue, Gabriel N.},
  journal = {Phys. Rev. D},
  volume = {101},
  issue = {7},
  numpages = {22},
  year = {2020},
  publisher = {American Physical Society},
  doi = {10.1103/PhysRevD.101.074038},
}

\bibitemsep

@article{Suzuki91,
author = {Suzuki,Masuo },
title = {General theory of fractal path integrals with applications to many‐body theories and statistical physics},
journal = {J. Math. Phys.},
volume = {32},
number = {2},
pages = {400-407},
year = {1991},
doi = {10.1063/1.529425},
}

\bibitemsep

@INPROCEEDINGS{giurgicatiron2020,
  author={T. {Giurgica-Tiron} and Y. {Hindy} and R. {LaRose} and A. {Mari} and W. J. {Zeng}},
  booktitle={2020 IEEE International Conference on Quantum Computing and Engineering (QCE)}, 
  title={Digital zero noise extrapolation for quantum error mitigation}, 
  year={2020},
  volume={},
  number={},
  pages={306-316},
  doi={10.1109/QCE49297.2020.00045}
}

\bibitemsep

@article{Tran2021,
  title = {Faster Digital Quantum Simulation by Symmetry Protection},
  author = {Tran, Minh C. and Su, Yuan and Carney, Daniel and Taylor, Jacob M.},
  journal = {PRX Quantum},
  volume = {2},
  issue = {1},
  pages = {010323},
  year = {2021},
  publisher = {American Physical Society},
  doi = {10.1103/PRXQuantum.2.010323},
}

\bibitemsep

@misc{cai2020,
      title={Multi-exponential Error Extrapolation and Combining Error Mitigation Techniques for NISQ Applications}, 
      author={Zhenyu Cai},
      year={2020},
      eprint={2007.01265},
      archivePrefix={arXiv},
      primaryClass={quant-ph}
}

\bibitemsep

@article{Pantaleone:1992eq,
    author = "Pantaleone, James T.",
    title = "{Neutrino oscillations at high densities}",
    reportNumber = "DOE-ER-40561-056, INT-92-07-01",
    doi = "10.1016/0370-2693(92)91887-F",
    journal = "Phys. Lett. B",
    volume = "287",
    pages = "128--132",
    year = "1992"
}

\bibitemsep

@ARTICLE{Sigl:1993,
      author = {{Sigl}, G. and {Raffelt}, G.},
        title = "{General kinetic description of relativistic mixed neutrinos}",
      journal = {Nucl. Phys. B},
         year = 1993,
      volume = {406},
      number = {1},
        pages = {423-451},
          doi = {10.1016/0550-3213(93)90175-O},
}

\bibitemsep

%simulation article
@article{Duan:2006,
  title = {Simulation of coherent nonlinear neutrino flavor transformation in the supernova environment: Correlated neutrino trajectories},
  author = {Duan, Huaiyu and Fuller, George M. and Carlson, J. and Qian, Yong-Zhong},
  journal = {Phys. Rev. D},
  volume = {74},
  issue = {10},
  pages = {105014},
  year = {2006},
  publisher = {American Physical Society},
  doi = {10.1103/PhysRevD.74.105014},
}

\bibitemsep

@article{Duan:2010bg,
author = {Duan, Huaiyu and Fuller, George M. and Qian, Yong-Zhong},
title = {Collective Neutrino Oscillations},
journal = {Annu. Rev. Nucl. Part. Sci.},
volume = {60},
number = {1},
pages = {569-594},
year = {2010},
doi = {10.1146/annurev.nucl.012809.104524}
}

\bibitemsep

@article{Wolfenstein:1977ue,
    author = "Wolfenstein, L.",
    title = "{Neutrino Oscillations in Matter}",
    reportNumber = "COO-3066-102",
    doi = "10.1103/PhysRevD.17.2369",
    journal = "Phys. Rev. D",
    volume = "17",
    pages = "2369--2374",
    year = "1978"
}

\bibitemsep

@article{GonzalezGarcia:2003,
  title = {Neutrino masses and mixing: evidence and implications},
  author = {Gonzalez-Garcia, M. C. and Nir, Yosef},
  journal = {Rev. Mod. Phys.},
  volume = {75},
  issue = {2},
  pages = {345--402},
  year = {2003},
  publisher = {American Physical Society},
  doi = {10.1103/RevModPhys.75.345},
}

\bibitemsep

%entanglement
@article{Cervia:2019,
  title = {Entanglement and collective flavor oscillations in a dense neutrino gas},
  author = {Cervia, Michael J. and Patwardhan, Amol V. and Balantekin, A. B. and Coppersmith, S. N. and Johnson, Calvin W.},
  journal = {Phys. Rev. D},
  volume = {100},
  issue = {8},
  pages = {083001},
  year = {2019},
  publisher = {American Physical Society},
  doi = {10.1103/PhysRevD.100.083001},
}

\bibitemsep

@article{Friedland2003,
	doi = {10.1088/1126-6708/2003/10/043},
	url = {https://doi.org/10.1088/1126-6708/2003/10/043},
	year = {2003},
	publisher = {Springer Science and Business Media {LLC}},
	volume = {2003},
	number = {10},
	pages = {043--043},
	author = {Alexander Friedland and Cecilia Lunardini},
	title = {Do many-particle neutrino interactions cause a novel coherent effect?},
	journal = {JHEP}
}

\bibitemsep

@article{sawyer2004classical,
  title={"Classical" instabilities and "quantum" speed-up in the evolution of neutrino clouds},
  author={Raymond F. Sawyer},
  journal={arXiv: High Energy Physics - Phenomenology},
  year={2004}
}

\bibitemsep

@article{Bell2003,
title = {Speed-up through entanglement—many-body effects in neutrino processes},
journal = {Phys. Lett. B},
volume = {573},
pages = {86 - 93},
year = {2003},
doi = {https://doi.org/10.1016/j.physletb.2003.08.035},
author = "Nicole F. Bell and Andrew A. Rawlinson and R.F. Sawyer",
}

\bibitemsep

@article{Roggero2021a,
  title = {Entanglement and many-body effects in collective neutrino oscillations},
  author = {Roggero, Alessandro},
  journal = {Phys. Rev. D},
  volume = {104},
  issue = {10},
  pages = {103016},
  year = {2021},
  month = {Nov},
  publisher = {American Physical Society},
  doi = {10.1103/PhysRevD.104.103016},
}

\bibitemsep

@article{Roggero2021b,
  title = {Dynamical phase transitions in models of collective neutrino oscillations},
  author = {Roggero, Alessandro},
  journal = {Phys. Rev. D},
  volume = {104},
  issue = {12},
  pages = {123023},
  year = {2021},
  month = {Dec},
  publisher = {American Physical Society},
  doi = {10.1103/PhysRevD.104.123023},
}

\bibitemsep

@article{Chakraborty2016b,
title = "Collective neutrino flavor conversion: Recent developments",
journal = "Nucl. Phys. B",
volume = "908",
pages = "366 - 381",
year = "2016",
note = "Neutrino Oscillations: Celebrating the Nobel Prize in Physics 2015",
doi = "https://doi.org/10.1016/j.nuclphysb.2016.02.012",
author = "Sovan Chakraborty and Rasmus Hansen and Ignacio Izaguirre and Georg Raffelt"
}

@misc{ibmq_washington,
author = {IBM Q team},
title = {ibmq_washington},
year = {2021},
url = {https://quantum-computing.ibm.com/services/resources?type=Eagle&system=ibm_washington}
}

\bibitemsep

@article{Preskill2018,
  doi = {10.22331/q-2018-08-06-79},
  url = {https://doi.org/10.22331/q-2018-08-06-79},
  title = {Quantum {C}omputing in the {NISQ} era and beyond},
  author = {Preskill, John},
  journal = {{Quantum}},
  publisher = {{Verein zur F{\"{o}}rderung des Open Access Publizierens in den Quantenwissenschaften}},
  volume = {2},
  pages = {79},
  year = {2018}
}

\bibitemsep

@article{swap_test,
  title = {swap test and Hong-Ou-Mandel effect are equivalent},
  author = {Garcia-Escartin, Juan Carlos and Chamorro-Posada, Pedro},
  journal = {Phys. Rev. A},
  volume = {87},
  issue = {5},
  pages = {052330},
  year = {2013},
  publisher = {American Physical Society},
  doi = {10.1103/PhysRevA.87.052330},
}