@Book{roed,
author =        {Charles W. Misner and  Kip S. Thorne and John Archibald Wheeler},
title =         {Gravitation},
publisher =     {W. H. Freeman and company},
year =          1973
}
