
@STRING(PRC="Phys. Rev. C")
@STRING(PRA="Phys. Rev. A")
@STRING(PRL="Phys. Rev. Lett.")
@STRING(PLB="Phys. Lett. B")
@STRING(NPA="Nucl. Phys. A") 
@STRING(JPA="J. Phys. A: Math. Gen.")


@book{newton,
author="R.~G.~Newton",
title= "Scattering Theory of Waves and Particles",
publisher="Springer-Verlag, New York",
year=1982
}

@book{kukulin,
author=" V.~I.~Kukulin and V.~M.~Krasnopol'sky and 
J.~Hor$\mathrm{\acute{a}\check{c}}$ek",
title="Theory of Resonances",
publisher="Kluwer Academic publishers, Amsterdam",
year=1989
}

@book{sitenko,
author=" A.~G.~Sitenko", 
title="Lectures in scattering theory",
publisher="Pergamon Press Ltd. Oxford",
year= 1971
}

@book{zeldovich2,
author="A.~I.~Baz' and Ya.~B.~Zel'dovich and A.~M.~Perelomov",
title="Scattering, Reactions and Decay in Nonrelativistic Quantum Mechanics",
publisher="Fiziko-Matematicheskoi Literatury Moskva",
year="1966"
}

@book{hardy,
author="G.~H.~Hardy", 
title="Divergent Series",
publisher="Clarendon Press",
year=1956,
edition="2nd"
}

@book{boas,
author="M. L. Boas",
title="Mathematical Methods in the Physical Sciences",
publisher="John Wiley and Sons, Inc",
year=1983,
edition="2nd"
}

@book{gradshteyn,
author="I. S. Gradshteyn and I. M. Ryzhik",
title="Table of Integrals Series and Products", 
publisher="Academic Press Inc.", 
year="1963",
edition="4th"
}

@book{stegun, 
author="M. Abramowitz and I. A. Stegun", 
title="Handbook of mathematical functions",
publisher="Dover Publications, Inc., New York",
year=1972
}

@book{biedenharn, 
author="L. C. Biedenharn and H. Van Dam",
title="Quantum theory of angular momentum : a collection of reprints and original papers",
publisher="New York : Academic Press",
year=1965
}

@book{varshalovich, 
author="D. A. Varshalovich and A. N. Moskalev and V. K. Khersonskii",
title="Quantum theory of angular momentum: irreducible tensors, spherical harmonics, vector coupling coefficients, 3nj symbols",
publisher=" Singapore : World Scientific",
year=1989
}

@article{abc, 
author="J.~Aguilar and J.~M.~Combes",
journal="Commun.~Math.~Phys.",
volume=22,
pages= 265,
year=1971,
title="Class of analytic perturbations for one-body Schr{\"o}dinger 
Hamiltonians"
}

@article{abc1,
author="E.~Balslev and J.~M.~Combes",
journal="Commun.~Math.~Phys.",
volume= 22,
pages=280,
year=1971,
title="Spectral properties of many-body Schr{\"o}dinger operators
with dilatation-analytic interactions"
} 

@article{isao,
author="I. Tanihata and H. Hamagaki and O. 
Hashimoto and Y. Shida and N. Yoshikawa",
title="Measurements of Interaction Cross Sections and Nuclear Radii in the Light p-Shell Region", 
journal=PRL,
volume=55,
pages="2676",
year="1985"
}

@article{hansen,
author="P.G. Hansen and B. Jonson",
journal="Europhys. Lett.",
volume=4,
year="1987",
title="The Neutron Halo of Extremely Neutron-rich Nuclei",
pages=409
}

@article{macek, 
author="Zheng Zhen and Joseph Macek",
title="Loosely bound states of three particles",
journal=PRA,
year=1988,
volume=38,
pages=1193
}

@article{ilonbar1,
author="I. Bar-On and V. Ryaboy",
journal="Scientific Computing",
title="Fast diagonalization of large and dense complex symmetric matrices, 
with applications to quantum reaciton dynamics",
volume="44",
pages="1412",
year="1997"
}

@article{ilonbar2,
author="I. Bar-On and M. Paprzycki",
journal="Computer Assisted Mechanics and Engineering Sciences", 
title="An efficient algorithm for finding eigenvalues of
complex symmetric matrices",
volume="5",
pages="85",
year="1998"
}

@article{ilonbar3,
author="I. Bar-On and M. Paprzycki",
journal="Numerical Algorithms",
title="High performance solution of the complex symmetric 
eigenproblem",
volume="18",
pages="195",
year="1998"
}

@article{dickhoff1998,
author="W.~H.~Dickhoff",
title="Scattering of dressed nucleons in nuclear matter",
journal=PRC,
volume="58", 
pages="2807",
year="1998"
}


@article{dickhoff1999,
author="W.~H.~Dickhoff and C.~C.~Gearhart and E.~P.~Roth and A.~Polls and A.~Ramos",
title="Phase shifts and in-medium cross sections for 
dressed nucleons in nuclear matter",
journal=PRC,
volume="60", 
pages="064319",
year="1999"
}

@article{hansjosef,
author="H.~J.~Schulze and A.~Schnell and G.~{R\"opke} and U.~Lombardo",
title="Nucleon-nucleon cross sections in nuclear matter",
journal=PRC, 
volume="55",
pages="3006",
year="1997"
}

@article{kenyj_rioyj,
author="K.~Suzuki and R.~Okamoto andM.~Kohno and S.~Nagata",
journal=NPA,
title="Exact Treatment of the Pauli Exclusion Operator in Nuclear Matter Calculation",
volume="665",
pages="92",
year="2000"
}

@article{kok,
author="L.~P.~Kok and H.~van.~Haeringen",
journal="Ann.~of Phys.",
title="On the theory of complex potential scattering",
volume="131", 
pages="426",
year="1981"
}


@article{vertse1,
author="T.~Vertse and R.~J.~Liotta and E.~Maglione",
journal=NPA, 
title="Exact and approximate calculation of giant resonances",
volume="584",
pages="13",
year="1995"
}

@article{nuttal1, 
author="J.~Nuttall",
journal="Phys.~Rev.",
volume="160",
title="Contour distortions in relativistic three-particle scattering functions",
pages="1459",
year="1967"
}

@article{nuttal2, 
author="J.~Nuttall",
journal="J. Math. Phys.",
title="Analytic continuation of the off-energy shell scattering amplitude",
volume=8,
pages=873,
year=1966
}

@article{nuttal,
author="J.~Nuttall and H.~L.~Cohen",
journal="Phys.~Rev.",
volume="188",
title="Method of Complex Coordinates for Three-Body Calculations above the Breakup Threshold",
pages="1542",
year="1969"
}

@article{tikto, 
journal="Phys. Rev.",
author="G. Tiktopoulos",
volume=136,
pages=275,
year=1964,
title="Euclidean approach to the Bethe-Salpeter equation for scattering"
}

@article{wick, 
author="G. C. Wick",
title="Properties of Bethe-Salpeter wave functions",
journal="Phys. Rev.",
volume=96,
pages=1124,
year=1954
}

@article{vertse,
author="T.~Vertse and P.~Curutchet and R.~J.~Liotta and J.~Bang", 
journal="Acta Physica Hungaria",
volume="65",
title="On the role of anti-bound states in the RPA description
of the giant monopole resonance",
pages="305",
year="1989"
}

@article{afnan1,
author="I.~R.~Afnan", 
journal="Aust.~J.~Phys.",
volume=44, 
title="Resonances in few-body systems",
pages=201, 
year=1991
}

@article{fano, 
author="U. Fano", 
title="Effects of configuration interaction on intensities and phase shifts",
journal="Phys. Rev.", 
year=1961,
volume=124,
pages=1866
}

@article{feshbach2,
author="H. Feshbach", 
journal="Ann. Phys.",
volume=19,
pages=287,
year=1962,
title="A unified of nuclear reactions.$\mathrm{II}$"
} 

@article{feshbach1,
author="H. Feshbach", 
journal="Ann. Phys.",
volume=5,
pages=357,
year=1958,
title="A unified of nuclear reactions."
} 

@article{zeldovich,
author="Y. B. Zel'dovich",
journal="JETP (Sov. Phys.)",
VOLUME=39,
PAGES=776, 
YEAR=1960
}
 
@article{gyarmati,
author="B. Gyarmati and T. Vertse",
journal=NPA,
title="On the normalization of Gamow functions",
volume=160,
pages=523,
year=1971
}

@article{gyarmati2,
author="B. Gyarmati and F. Krisztinkovics and T. Vertse", 
journal="Phys. Lett. B",
title="On the expectation value in Gamow state",
volume=41,
pages=110,
year=1972}
 
@ARTICLE{michel1,
AUTHOR= "N.~Michel and W.~Nazarewicz and M.~P{\l}oszajczak",
JOURNAL="nucl-th/0407110",
title="Proton-Neutron Coupling in the Gamow Shell Model: the Lithium Chain",
year =2004
}

@ARTICLE{michel2,
AUTHOR= "N.~Michel and W.~Nazarewicz and M.~P{\l}oszajczak and J. Rotureau",
JOURNAL="nucl-th/0401036",
title="Gamow Shell-Model Description of Weakly Bound and Unbound Nuclear States",
year=2004
}

@ARTICLE{michel3,
AUTHOR= "J.~Dobaczewski and N.~Michel, W.~Nazarewicz and 
  M.~P{\l}oszajczak and M.~V.~Stoitsov",
JOURNAL="nucl-th/0401034",
title="Structure of Exotic Nuclei",
year=2004
}
 

@ARTICLE{liotta,
   AUTHOR="R.~J.~Liotta and E.~Maglione and N.~Sandulescu and T.~Vertse",
   JOURNAL=PLB,
   VOLUME=367,
title="A representation to describe nuclear processes in the continuum",
   PAGES=1,
   YEAR=1996
}

@ARTICLE{betan,
   AUTHOR="R.~{IdBetan} and R.~J.~Liotta and N.~Sandulescu and and T.~Vertse", 
  title="Shell model in the complex energy plane and two-particle resonances",
 JOURNAL=PRC,
   VOLUME=67,
   PAGES=014322, 
   YEAR=2003
}

@ARTICLE{witek1,
   AUTHOR="N.~Michel and W.~Nazarewicz and M.~Ploszajczak and K.~Bennaceur", 
   JOURNAL=PRL,
title="Gamow Shell Model Description of Neutron-Rich Nuclei",
   VOLUME=89,
   PAGES=042502, 
   YEAR=2002
}

@ARTICLE{witek2,
   AUTHOR="N.~Michel and W.~Nazarewicz and M.~Ploszajczak and J.~Oko{\l}owicz", 
   JOURNAL=PRC,
title="Gamow shell model description of weakly bound nuclei and unbound nuclear states",
   VOLUME=67,
   PAGES=054311,
   YEAR=2003
}

@ARTICLE{roberto,
   AUTHOR="R.~{IdBetan} and R.~J.~Liotta and N.~Sandulescu and T.~Vertse", 
   JOURNAL=PRL,
title="Two-Particle Resonant States in a Many-Body Mean Field",
   VOLUME=89,
   PAGES=042501, 
   YEAR=2002
}


@ARTICLE{betan2,
   AUTHOR="R.~{IdBetan} and R.~J.~Liotta and N.~Sandulescu and T.~Vertse", 
   JOURNAL="Phys. Lett. B",
title="A shell model representation with antibound states",
   VOLUME=584,
   PAGES=48,
   YEAR=2004 
}

@ARTICLE{vz2003,
   AUTHOR="A.~Volya and V.~Zelevinsky", 
   JOURNAL=PRC,
title="Non-Hermitian effective Hamiltonian and continuum shell model",
   VOLUME=67,
   PAGES=054322, 
   YEAR=2003
}

@ARTICLE{berggren,
   AUTHOR="T. Berggren",
   JOURNAL=NPA,
title="On the use of resonant states in eigenfunction expansions of scattering and reaction amplitudes",
   VOLUME=109,
   PAGES=265,
   YEAR=1968
}

@ARTICLE{berggren1,
   AUTHOR="T. Berggren",
   JOURNAL=NPA,
title="On the treatment of resonant final states in direct reactions",
   VOLUME=169,
   PAGES=353,
   YEAR=1971
}

@ARTICLE{berggren2,
   AUTHOR="T. Berggren",
   JOURNAL=PLB,
TITLE="On the interpretation of complex cross sections for production of resonant final states",
   VOLUME=73,
   PAGES=389,
   YEAR=1978
}

@ARTICLE{berggren3,
   AUTHOR="T. Berggren",
   JOURNAL=PLB,
TITLE="Expectation value of an operator in a resonant state ",
   VOLUME=373,
   PAGES=1,
   YEAR=1996
}

@ARTICLE{lind,
   AUTHOR="P. Lind",
   JOURNAL=PRC,
title="Completeness relations and resonant state expansions",
   VOLUME=47,
   PAGES=1903,
   YEAR=1993
}

@ARTICLE{hagen,
   AUTHOR="G.~Hagen and J.~S.~Vaagen and M.~Hjorth-Jensen", 
   JOURNAL=JPA,
TITLE="The contour deformation method in momentum space, applied to subatomic physics",
   VOLUME=37,
   PAGES=8991,
   YEAR=2004
}

@ARTICLE{jonson,
   AUTHOR="B. Jonson",
   JOURNAL="Phys. Rep.",
title="Light dripline nuclei",
   VOLUME=389,
   PAGES=1,
   YEAR=2004
}

@article{weinb,
author="Steven Weinberg",
title="The Revolution That Didn't Happen",
journal="The New York Review (of Books)",
year=1998,
pages=48
}

@article{riisager94,
author="K. Riisager", 
journal="Rev. Mod. Phys.",
volume=66,
year=1994,
title=" Nuclear halo states",
pages=1105
}

@ARTICLE{nimrod,
   AUTHOR="N.~Moiseyev",
   JOURNAL="Phys. Rep.",
title="Quantum theory of resonances: Calculating energies, widths 
and cross-sections by complex scaling",
   VOLUME=302,
   PAGES=211,
   YEAR=1998
}


@article{nimrod2,
author="N. Moiseyev",
title="Resonance States by the Generalized Complex Variational Method",
journal="Mol. Phys.",
volume=47,
pages=582,
year=1982
}

@article{nimrod1,
author="N. Moiseyev and C.T. Corcoran",
title="Autoionizing States of {$\mathrm{H}_2$} and Using the Complex Scaling Method.", 
journal="Phys. Rev. A",
volume=20,
pages=814,
year=1979
}

@article{efim90,
title="Energy levels arising from resonant two-body forces in a three-body system",
author="V.M Efimov",
journal="Phys. Lett. B", 
volume="33",
pages=563,
year=1970
}

@article{Thompson94,
author="I.J. Thompson and M.V. Zhukov",
journal=PRC,
volume=49,
pages=1904,
year=1994,
title="Effects of $^{10}$Li virtual states on the structure of $^{11}$Li"
} 

@article{zag2, 
author="Yu.Ts. Oganessian and V.I. Zagrebaev and J.S. Vaagen",
journal=PRL,
volume=82,
year=1999,
pages=4996,
title="{"Di-Neutron"} Configuration of $^6$He"
}


@ARTICLE{lanczo,
   AUTHOR="R.~R.~Whitehead and A.~Watt and B.~J.~Cole and I.~Morrison",
   JOURNAL="Adv.~Nucl.~Phys.",
   VOLUME=9, 
   PAGES=123, 
   YEAR=1977
}

@ARTICLE{suzuki1,
   AUTHOR="K.~Suzuki and S.~Y.~Lee", 
   JOURNAL="Progr.~Theor.~Phys.",
   VOLUME=64, 
title="Convergent Theory for Effective Interaction in Nuclei",
   PAGES=2091, 
   YEAR=1980   
}

@ARTICLE{suzuki2,
   AUTHOR="K.~Suzuki",
   JOURNAL="Progr.~Theor.~Phys.",
title=" Construction of Hermitian Effective Interaction in Nuclei
--- General Relation between Hermitian and Non-Hermitian Forms ---",
  VOLUME=68, 
   PAGES=246, 
   YEAR=1982   
}

@ARTICLE{suzuki3,
   AUTHOR="K.\ Suzuki and R.\ Okamoto", 
   JOURNAL="Progr.~Theor.~Phys.",
title="Effective Operators in Time-Independent Approach",
   VOLUME=93, 
   PAGES=905, 
   YEAR=1995   
}


@ARTICLE{suzuki4,
   AUTHOR="S.~Fujii and E.~Epelbaum and H.~Kamada and R.~Okamoto and K.~Suzuki and W.~Gl{\"o}ckle", 
   JOURNAL=PRC,
title="Low-momentum nucleon-nucleon interaction and its application to few-nucleon systems",
   VOLUME=70, 
   PAGES=024003, 
   YEAR=2004   
}

@ARTICLE{multi1,
   AUTHOR="C.~Buth and R.~Santra and L.~S.~Cederbaum", 
   JOURNAL="Phys. Rev. A",
   VOLUME=69, 
title="Non-Hermitian Rayleigh-Schrödinger perturbation theory",
   PAGES=032505,
   YEAR=2004   
}


@ARTICLE{multi2,
   AUTHOR="F.~Chen and E.~R.~Davidson and S.~Iwata", 
   JOURNAL="Int.~J.~Quantum Chem.",
   VOLUME=86,
title="New time-independent perturbation theory for the multireference problem",
   PAGES=256,
   YEAR=2002   
}


@ARTICLE{multi3,
   AUTHOR="R.~Santra and L.~S.~Cederbaum", 
   JOURNAL="Phys.~Rep.",
   VOLUME=368, 
title="Non-Hermitian electronic theory and applications to clusters",
   PAGES=1,
   YEAR=2002   
}
  

@ARTICLE{SBB,
   AUTHOR="S.~Sack and L.~C.~Biedenharn and G.~Breit", 
   JOURNAL="Phys. Rev.",
   VOLUME=93,
title="The Elastic Scattering of Protons by Alpha Particles",
   PAGES=321,
   YEAR=1954   
}

@ARTICLE{bruce1,
   AUTHOR="P.~Navr\'atil and B.~R.~Barrett", 
   JOURNAL=PRC,
title="Shell-model calculations for the three-nucleon system",
   VOLUME=57, 
   PAGES=562,
   YEAR=1998   
}


@ARTICLE{bruce2,
   AUTHOR="P.~Navr\'atil and J.~P.~Vary and B.~R.~Barrett",
   JOURNAL=PRL,
title=" Properties of $^{12}$C in the Ab Initio Nuclear Shell Model",
   VOLUME=84, 
   PAGES=5728,
   YEAR=2000   
}

@ARTICLE{bruce3,
   AUTHOR="P.~Navr\'atil and J.~P.~Vary and B.~R.~Barrett",
   JOURNAL=PRC,
title="Large-basis ab initio no-core shell model and its application to $^{12}$C",
   VOLUME=62, 
   PAGES=054311,
   YEAR=2000   
}

@ARTICLE{bruce4,
   AUTHOR="P.~Navr\'atil and G.~P.~Kamuntavicius and B.~R.~Barrett",
   JOURNAL=PRC,
title="Few-nucleon systems in a translationally invariant harmonic oscillator basis",
   VOLUME=61, 
   PAGES=044001,
   YEAR=2000   
}

@ARTICLE{higham,
   AUTHOR="N.~J.~Higham",
   JOURNAL="Num.~Algorithms",
title="Stable iterations for the matrix square root",
   VOLUME=15, 
   PAGES=227,
   YEAR=1997   
}

@ARTICLE{denman,
   AUTHOR="E.~D.~Denman and A.~N.~Beavers",
   JOURNAL="Appl.~Math.~Comput.",
   VOLUME=2,
title="The matrix sign function and computations in systems",
   PAGES=63,
   YEAR=1976   
}


@article{pieper1,
author="B.S. Pudlinger and V.R. Pandharipande and J. Carlson and R. Wiringa",
journal=PRL, 
volume=74,
pages=4396,
year=1995,
title="Quantum Monte Carlo Calculations of $\mathrm{A} <= 6$ Nuclei"
}

@article{pieper2, 
title="Quantum Monte Carlo calculations of nuclei with $\mathrm{A} <~ 7$",
author="B. S. Pudlinger and V. R. Pandharipande and J. Carlson and Steven C. Pieper and R. B. Wiringa",
journal=PRC, 
volume=56,
pages=1720,
year=1997
}



@article{pieper3, 
title="Quantum Monte Carlo calculations of  $\mathrm{A}=8$ nuclei",
author="R. B. Wiringa and Steven C. Pieper and J. Carlson and V. R. Pandharipande",
volume=62,
journal=PRC, 
year=2000,
PAGES=014001
}

@article{pieper4,
author="Steven C. Pieper and R. B. Wiringa", 
journal="Ann. Rev. Nucl. Part. Sci.",
volume= 51, 
year=2001,
pages=53,
title="Quantum Monte Carlo Calculations of Light Nuclei",
}


@article{pieper5, 
title="Realistic models of pion-exchange three-nucleon interactions",
author="Steven C. Pieper and V. R. Pandharipande and R. B. Wiringa and J. Carlson",
journal=PRC,
volume=64,
year=2001, 
pages=014001
}

@article{pieper6,
title="Quantum Monte Carlo calculations of $\mathrm{A} = 9,10$ nuclei",
author="Steven C. Pieper and K. Varga and R. B. Wiringa",
journal=PRC, 
volume=66,
pages=044310,
year=2002
}


@ARTICLE{pieper7,
   AUTHOR="Steven C. Pieper and R. B. Wiringa and J. Carlson",
   JOURNAL="nucl-th/0409012",
title="Quantum Monte Carlo calculations of excited states in $\mathrm{A} = 6--8$ nuclei",
year=2004
 }

@article{walet,
journal="nucl-th/0411094", 
title="Description of resonances in light nuclei using a microscopic cluster model",
Authors="Theodoros Leontiou and Niels R. Walet",
}

@ARTICLE{cc1,
   AUTHOR="D.~J.~Dean and M.~Hjorth-Jensen",
   JOURNAL=PRC,
title="Coupled-cluster approach to nuclear physics",
   VOLUME=69,
   PAGES=054320,
   YEAR=2004 
}

@article{gamow,
journal="Zs. f. Physik", 
volume=51,
author="G. A. Gamow",
pages=204, 
year=1928,
title="unknown"
}

@article{wigner,
author="G. Breit and E. P. Wigner",
journal="Phys. Rev.", 
volume=49,
pages=519,
year=1936,
title="Capture of Slow Neutrons",
}


@ARTICLE{cc2,
   AUTHOR="K.~Kowalski and D.~J.~Dean and M.~Hjorth-Jensen and T.~Papenbrock and P.~Piecuch",
   JOURNAL=PRL,
title="Coupled Cluster Calculations of Ground and Excited States of Nuclei",
   VOLUME=92,
   PAGES=132501,
   YEAR=2004 
}

@article{cc3, 
author="M. Wloch and  D.~J.~Dean and J. R. Gour and M.~Hjorth-Jensen and K.~Kowalski and T.~Papenbrock and P.~Piecuch",
journal="nucl-th/0501067",
title="Ab initio couplec-cluster study of $^{16}$O",
year=2005
}

@article{cc4,
author="F. Coester",
journal="Nuclear Phys.",
volume=7,
title="Bound states of a many-particle system",
year=1958,
pages=421
}

@article{cc5,
author="F. Coester and H. K{\" u}mmel",
journal="Nuclear Phys.",
volume=17,
title="Short-range correlations in nuclear wave functions",
year=1960,
pages=477
}

@article{cc6, 
author="P.~Piecuch and P. D. Fan and K. Jedziniak and K.~Kowalski",
journal=PRL, 
volume=90,
title="Exactness of Two-Body Cluster Expansions in Many-Body Quantum Theory",
year=2003, 
pages=113001
}

@article{cc7,
title="Extension of the Method of Moments of Coupled-Cluster Equations to Excited States: The Triples and Quadruples Corrections to the EOMCCSD Energies",
author="K. Kowalski and P. Piecuch",
journal="J. Chem. Phys.",
volume=116,
pages=7411,
year=2002
}

@ARTICLE{ershov1,
   AUTHOR="S.~N.~Ershov and B.~V.~Danilin and J.~S.~Vaagen", 
   JOURNAL=PRC,
title="Inelastic excitations and momentum distributions in kinematically complete breakup reactions of two-neutron halo nuclei",
   VOLUME=64,
   PAGES=064609,
   YEAR=2001
}

@ARTICLE{ershov2,
   AUTHOR="B.~V.~Danilin and T.~Rogde and J.~S.~Vaagen and I.~J.~Thompson and M.~V.~Zhukov",
   JOURNAL=PRC,
title="Three-body continuum spatial correlations in Borromean halo nuclei",
   VOLUME=69,
   PAGES=024609,
   YEAR=2004
}
  

@article{csm1, 
author="K. Bennaceur and F. Nowacki and J. Okolowicz and M. Ploszajczak",
journal=NPA,
title="Study of the $^7$Be$(p,\gamma )^8$B and $7$Li$(n, \gamma )^8$Li 
capture reactions using the shell model embedded in the continuum",
volume=651, 
pages=289,
year=1999
}

@article{csm2, 
author="K. Bennaceur and F. Nowacki and J. Okolowicz and M. Ploszajczak",
journal=NPA,
title=" Analysis of the $^{16}$O$(p, \gamma )^{17}$F capture 
reaction using the shell model embedded in the continuum",
volume=671,
pages=203,
year=2000
}

@article{csm3,
author="J. Okolowicz and M. PImageoszajczak and I. Rotter",
journal="Phys. Rep.",
volume=374, 
title="Dynamics of quantum systems embedded in a continuum",
pages=271,
year=2003
}




@article{davidson1, 
author="E. R. Davidson",
journal="Comput. Phys. Commun.",
volume=53,
pages=49,
year=1989
}

@article{davidson2, 
author="E. R. Davidson",
journal="Comput. Phys.",
volume=5,
pages=519,
year=1993
}

@article{davidson3,
author="E. R. Davidson and E. Engdahl and N. Moiseyev",
journal=PRA, 
title="New bounds to resonance eigenvalues",
volume=33,
pages=2436,
year=1986
}




@article{zhuk, 
author="V. Zhukov and B.V. Danilin and D.V. Fedorov 
and J.M. Bang and I.J. Thompson and J.S. Vaagen",
journal="Phys. Rep.", 
volume="231",
title="Bound state properties of Borromean halo nuclei: $^6$He and $^{11}$Li",
year=1993,
pages=151
}

@article{csoto,
author="A.~Csoto",
journal=PRC,
volume=49,
pages=2244,
year=1994,
title="Three-body resonances by complex scaling"
}

@article{myo,
author="T. Myo and K. Kato and S. Aoyama and K. Ikeda",
journal=PRC,
volume=63,
pages=054313,
year=1998,
title="Analysis of $^6$He Coulomb breakup in the complex scaling method"
}

@article{garrido,
author="E.~Garrido and D.~V.~Fedorov and A.~S.~Jensen",
journal=NPA,
volume=708,
pages=277,
year=2002,
title="Dipole excited states in $^{11}$Li with complex scaling"
}

@article{imante,
author="I. Raskinyte",
title="Resonances in few-body systems", 
journal="PhD Thesis University of Bergen 2002, unpublished",
year=2002
}

@article{aoyama,
author="S.~Aoyama",
journal=PRL,
volume=89,
pages=052501,
year=2002,
title="Theoretical Prediction for the Ground State of 10He with the Method of Analytic Continuation in the Coupling Constant"
}

@article{brayshaw,
author="D.~Brayshaw",
journal="Phys.~Rev.",
volume=176,
pages=1855,
year=1968,
title="Off- and On-Shell Analyticity of Three-Particle Scattering Amplitudes"
}


@article{stelbovics,
author="A.~T.~Stelbovics",
journal="Nucl.~Phys.~A",
volume=288,
pages=461,
year=1978,
title="On the application of contour rotation to three-body amplitudes"
}

@article{glockle,
author="W.~Gl{\"o}ckle",
journal=PRC,
volume=18,
pages=18,
year=1978,
title="S-matrix pole trajectory in a three-neutron model"
}

@article{sofianos1,
author="S. A. Rakityansky and S. A. Sofianos and K. Amos",
journal="Il Nuovo Cimento",
volume="111B, N.3",
year=1996,
pages=363,
title="A method for calculating the Jost function for analytic potentials"
}

@article{sofianos2,
author="S. A. Sofianos and S. A. Rakityansky",
journal="J. Phys. A: Math. Gen.",
volume=30,
year=1997,
pages=3725,
title="Exact method for locating potential resonances and Regge trajectories"
} 

@article{sofianos3,
author="S. A. Sofianos and S. A. Rakityansky and G. P. Vermaak",
journal="J. Phys. G: Nucl. Part. Phys.",
volume=23,
year=1997,
pates=1619,
title="Subthreshold resonances in few-neutron systems"
} 

@article{bishop1,
author="R.F. Bishop and M. R. Strayer and J. M. Irvine",
journal="Phys. Rev. A",
volume=10,
pages=2423,
year=1974,
title="Singularities in the Galitskii-Feynmann $T$ matrix"
}

@article{bishop2,
author="R.F. Bishop and H. B. Ghassib and M. R. Strayer",
journal="Phys. Rev. A",
volume=13,
pages=1570,
year=1976,
title="Composite pairs and effective two-body scattering in a many-body medium"
}

@article{dick1,
author="W. H. Dickhoff",
journal="Phys. Lett. B",
year=1988,
volume=210,
pages=15,
title="Connection between Brueckner ladders and pairing correlations"
}

@article{dick2,
author="W. H. Dickhoff and C. C. Gearhart and B. E. Vonderfecht and 
A. Polls and A. Ramos",
journal="Recent Progress in Many-Body Theories",
year=1990,
volume=2,
pages=141,
title="A new state of nuclear matter"
}


@article{dick3,
author="B. E. Vonderfecht and C.C. Gearhart and W. H. Dickhoff",
journal="Phys. Lett. B",
year=1991,
volume=253,
pages=1,
title="Bound pair states in nuclear matter"
}

@article{goldberg,
author="A. Goldberg and R. D. Puff",
journal=PRL,
year=1973,
volume=30,
pages=869,
title="Bose condensation of fermion composites"
}

@article{haftel,
author="M. I. Haftel and F. Tabakin",
journal=NPA,
pages=1,
volume=158,
year=1970,
title="Nuclear saturation and smoothness of nucleon-nucleon potentials"
}

@article{ramos,
title="Single-particle properties and short-range correlations
 in nuclear matter",
journal=NPA,
Volume=503,
year=1989,
Pages=1,
author="A. Ramos and A. Polls and W. H. Dickhoff"
}

@article{machleidt,
author="R. Machleidt",
journal=PRC, 
volume=63,
pages=024001,
year=2001,
title="The high-precision, charge-dependent Bonn nucleon-nucleon potential (CD-Bonn)"
}

@article{morten2,
title="Pairing in nuclear systems: from neutron stars to finite nuclei",
Author="D.J. Dean and M. Hjorth-Jensen",
journal="Rev. Mod. Phys.",
volume=75,
year=2003,
pages=607
}

@article{deform1,
author="L.S. Ferreira and E. Maglione and R. J. Liotta",
journal=PRL, 
volume=78,
pages=1640,
year=1997,
title="Nucleon resonances in deformed nuclei"
}

@article{deform2,
author="K. Hagino and Nguyen Van Giai",
title="Structure of positive energy states in a deformed 
mean-field potential",
journal=NPA,
volume=735,
year=2004,
pages=55
}

@article{holt,
author="Jason D. Holt and T.T.S. Kuo and G.E. Brown",
journal=PRC,
volume=69,
year=2004,
pages=034329,
title="Family of Hermitian low-momentum nucleon 
interactions with phase shift equivalence"
}

@article{okamoto,
author="R. Okamoto and S. Fujii and K. Suzuki",
title="Formal relation among various Hermitian and non-Hermitian 
Effective interactions",
year=2005,
journal="Int. J. Mod. Phys. E",
volume="14",
pages=1
}

@article{okubo, 
author="S. Okubo", 
journal="Prog. Theor. Phys.", 
volume=12, 
year=1954, 
pages=603,
title="unknown"
}

@article{brueckner, 
author="K. A. Brueckner", 
journal="Phys. Rev.", 
year=1955, 
volume=100,
pages=36,
title="Many-body problem for strongly interacting particles. II. 
Linked Cluster Expansion"
}

@article{mhjensen,
author="M.~Hjorth-Jensen and Thomas T. S. Kuo and Eivind Osnes",
journal="Phys. Rep.",
volume=261,
pages=125, 
year=1995,
title="Realistic effective interactions for nuclear systems"
}

@article{osnes,
author="P. J. Ellis and E. Osnes",
journal="Rev. Mod. Phys", 
volume=49,
year=1977,
pages=777,
title="An introductory guide to effective operators in nuclei"
}

@article{brandow, 
author="B. H. Brandow",
journal="Rev. Mod. Phys.",
volume=39,
pages=771,
year=1967,
title="Linked-Cluster Expansions for the Nuclear Many-Body Problem"
}

