@article{mcclean2018,
  title={Barren plateaus in quantum neural network training landscapes},
  author={McClean, Jared R and Boixo, Sergio and Smelyanskiy, Vadim N and Babbush, Ryan and Neven, Hartmut},
  journal={Nature Communications},
  volume={9},
  pages={4812},
  year={2018},
  publisher={Nature Publishing Group}
}

@article{knill2007,
	title={Optimal quantum measurements of expectation values of observables}, 
	volume={75}, DOI={10.1103/physreva.75.012328},
	number={1}, 
	journal={Physical Review A}, 
	author={Knill, Emanuel and Ortiz, Gerardo and Somma, Rolando D.},
	year={2007}, 
} 

@misc{preskill2023,
      title={Quantum computing 40 years later}, 
      author={John Preskill},
      year={2023},
      eprint={2106.10522},
      archivePrefix={arXiv},
      primaryClass={quant-ph},
      url={https://arxiv.org/abs/2106.10522}, 
}

@article{deutsch1985,
  title={Quantum theory, the Church--Turing principle and the universal quantum computer},
  author={Deutsch, David},
  journal={Proceedings of the Royal Society of London. A. Mathematical and Physical Sciences},
  volume={400},
  pages={97--117},
  year={1985},
  publisher={The Royal Society},
  doi={10.1098/rspa.1985.0070}
}

@article{grimsley2019, title={An adaptive variational algorithm for exact molecular simulations on a quantum computer}, volume={10}, DOI={10.1038/s41467-019-10988-2}, number={1}, journal={Nature Communications}, author={Grimsley, Harper R. and Economou, Sophia E. and Barnes, Edwin and Mayhall, Nicholas J.}, year={2019} 
}

@article{tang2021, title={Qubit-adapt-VQE: An adaptive algorithm for constructing hardware-efficient ANS\"{A}TZE on a quantum processor}, volume={2}, DOI={10.1103/prxquantum.2.020310}, number={2}, journal={PRX Quantum}, author={Tang, Ho Lun and Shkolnikov, V.O. and Barron, George S. and Grimsley, Harper R. and Mayhall, Nicholas J. and Barnes, Edwin and Economou, Sophia E.}, year={2021}
} 

@article{powell1964,
    author = "Powell, M. J. D.",
    title = "{An efficient method for finding the minimum of a function of several variables without calculating derivatives}",
    doi = "10.1093/comjnl/7.2.155",
    journal = "The Computer Journal",
    volume = "7",
    pages = "155--162",
    year = "1964"
}

@Inbook{powell1994,
author="Powell, M. J. D.",
editor="Gomez, Susana
and Hennart, Jean-Pierre",
title="A Direct Search Optimization Method That Models the Objective and Constraint Functions by Linear Interpolation",
bookTitle="Advances in Optimization and Numerical Analysis",
year="1994",
publisher="Springer Netherlands",
address="Dordrecht",
pages="51--67",
abstract="An iterative algorithm is proposed for nonlinearly constrained optimization calculations when there are no derivatives. Each iteration forms linear approximations to the objective and constraint functions by interpolation at the vertices of a simplex and a trust region bound restricts each change to the variables. Thus a new vector of variables is calculated, which may replace one of the current vertices, either to improve the shape of the simplex or because it is the best vector that has been found so far, according to a merit function that gives attention to the greatest constraint violation. The trust region radius $\rho$ is never increased, and it is reduced when the approximations of a well-conditioned simplex fail to yield an improvement to the variables, until $\rho$ reaches a prescribed value that controls the final accuracy. Some convergence properties and several numerical results are given, but there are no more than 9 variables in these calculations because linear approximations can be highly inefficient. Nevertheless, the algorithm is easy to use for small numbers of variables.",
doi="10.1007/978-94-015-8330-5_4"
}

@inbook{bfgs,
title = {4. The BFGS Method},
booktitle = {Iterative Methods for Optimization},
chapter = {},
pages = {71-86},
doi = {10.1137/1.9781611970920.ch4}
}



@article{Mansky2023, title={Decomposition algorithm of an arbitrary Pauli exponential through a quantum circuit}, DOI={10.1109/qce57702.2023.00056}, journal={2023 IEEE International Conference on Quantum Computing and Engineering (QCE)}, author={Mansky, Maximilian Balthasar and Puigvert, Victor Ramos and Castillo, Santiago Londoño and Linnhoff-Popien, Claudia}, year={2023}} 

@article{Kitaev1997, title={Quantum Computations: Algorithms and error correction}, volume={52}, DOI={10.1070/rm1997v052n06abeh002155},journal={Russian Mathematical Surveys}, author={Kitaev, A Yu}, year={1997},  pages={1191–1249}}

@article{Bardeen1957,
  title = {Theory of Superconductivity},
  author = {Bardeen, J. and Cooper, L. N. and Schrieffer, J. R.},
  journal = {Physical Review Letters},
  volume = {108},
  pages = {1175--1204},
  numpages = {0},
  year = {1957},
  publisher = {American Physical Society},
  doi = {10.1103/PhysRev.108.1175},
}

@article{Feynman1982,
  title = {Simulating Physics with Computers},
  author = {Feynman, Richard P.},
  journal = {International Journal of Theoretical Physics},
  volume = {21},
  pages = {467--488},
  numpages = {0},
  year = {1982},
  publisher = {Springer Science and Business Media LLC},
  doi = {10.1007/BF02650179},
}

@article{Cooper1959,
  title = {Possible Superfluidity of a System of Strongly Interacting Fermions},
  author = {Cooper, L. N. and Mills, R. L. and Sessler, A. M.},
  journal = {Physical Review Letters},
  volume = {114},
  pages = {1377--1382},
  numpages = {0},
  year = {1959},
  publisher = {American Physical Society},
  doi = {10.1103/PhysRev.114.1377},
}


@article{Dumitrescu2018, 
	title={Cloud Quantum Computing of an Atomic Nucleus}, 
	volume={120}, 
	DOI={10.1103/PhysRevLett.120.210501}, 
	journal={Physical Review Letters}, 
	author={Dumitrescu, E.F. and McCaskey, A.J. and Hagen, G. and Jansen, G.R. and Morris, T.D. and Papenbrock, T. and Pooser, R.C. and Dean, D.J. and Lougovski, P.}, 
	year={2018}, 
	pages={210501}, 
	language={en}
}



@article{Binder2016,
  title={Effective field theory in the harmonic oscillator basis},
  author={S. Binder and A. Ekström and G. Hagen and T. Papenbrock and K. A. Wendt},
  journal={Physical Review C},
  volume={93},
  pages={044332},
  year={2016}
}

@article{Bansal2017,
  title={Pion-less effective field theory for atomic nuclei and lattice nuclei},
  author={A. Bansal and S. Binder and A. Ekström and G. Hagen and G. R. Jansen and T. Papenbrock},
  journal={arXiv preprint arXiv:1712.10246},
  year={2017}
}

@article{peruzzo2014,
  title={A variational eigenvalue solver on a photonic quantum processor},
  author={Peruzzo, Alberto and McClean, Jarrod and Shadbolt, Peter and Yung, Man-Hong and Zhou, Xiao-Qi and Love, Peter J and Aspuru-Guzik, Al{\'a}n and O'brien, Jeremy L},
  journal={Nature communications},
  volume={5},
  year={2014},
  publisher={Nature Publishing Group}
}

@article{Cervia21, title={Lipkin model on a quantum computer}, volume={104}, DOI={10.1103/physrevc.104.024305}, number={2}, journal={Physical Review C}, author={Cervia, Michael J. and Balantekin, A. B. and Coppersmith, S. N. and Johnson, Calvin W. and Love, Peter J. and Poole, C. and Robbins, K. and Saffman, M.}, year={2021}} 

@article{lipkin1965, title={Validity of many-body approximation methods for a solvable model}, volume={62}, DOI={10.1016/0029-5582(65)90862-x},journal={Nuclear Physics}, author={Lipkin, H.J. and Meshkov, N. and Glick, A.J.}, year={1965}, pages={188–198}} 

@article{Hlatshwayo22, title={Simulating excited states of the Lipkin model on a quantum computer}, volume={106}, DOI={10.1103/physrevc.106.024319}, journal={Physical Review C}, author={Hlatshwayo, Manqoba Q. and Zhang, Yinu and Wibowo, Herlik and LaRose, Ryan and Lacroix, Denis and Litvinova, Elena}, year={2022}} 


@ARTICLE{scipy,
  author  = {Virtanen, Pauli and Gommers, Ralf and Oliphant, Travis E. and
            Haberland, Matt and Reddy, Tyler and Cournapeau, David and
            Burovski, Evgeni and Peterson, Pearu and Weckesser, Warren and
            Bright, Jonathan and {van der Walt}, St{\'e}fan J. and
            Brett, Matthew and Wilson, Joshua and Millman, K. Jarrod and
            Mayorov, Nikolay and Nelson, Andrew R. J. and Jones, Eric and
            Kern, Robert and Larson, Eric and Carey, C J and
            Polat, {\.I}lhan and Feng, Yu and Moore, Eric W. and
            {VanderPlas}, Jake and Laxalde, Denis and Perktold, Josef and
            Cimrman, Robert and Henriksen, Ian and Quintero, E. A. and
            Harris, Charles R. and Archibald, Anne M. and
            Ribeiro, Ant{\^o}nio H. and Pedregosa, Fabian and
            {van Mulbregt}, Paul and {SciPy 1.0 Contributors}},
  title   = {{{SciPy} 1.0: Fundamental Algorithms for Scientific
            Computing in Python}},
  journal = {Nature Methods},
  year    = {2020},
  volume  = {17},
  pages   = {261--272},
  doi     = {10.1038/s41592-019-0686-2},
}

@article{byrd1995,
  title={A Limited Memory Algorithm for Bound Constrained Optimization},
  author={Byrd, Richard H and Lu, Peihuang and Nocedal, Jorge},
  journal={SIAM Journal on Scientific and Statistical Computing},
  volume={16},
  pages={1190--1208},
  year={1995}
}

@book{kraft1988,
  title={A Software Package for Sequential Quadratic Programming},
  author={Kraft, D.},
  series={Deutsche Forschungs- und Versuchsanstalt f{\"u}r Luft- und Raumfahrt K{\"o}ln: Forschungsbericht},
  url={https://books.google.no/books?id=4rKaGwAACAAJ},
  year={1988},
  publisher={Wiss. Berichtswesen d. DFVLR}
}

@article{Nelder1965,
  title={A Simplex Method for Function Minimization},
  author={John A. Nelder and Roger Mead},
  journal={The Computer Journal},
  year={1965},
  volume={7},
  pages={308-313},
}

@article{Romero2019,
doi = {10.1088/2058-9565/aad3e4},
year = {2018},
publisher = {IOP Publishing},
volume = {4},
pages = {014008},
author = {Jonathan Romero and Ryan Babbush and Jarrod R McClean and Cornelius Hempel and Peter J Love and Alán Aspuru-Guzik},
title = {Strategies for quantum computing molecular energies using the unitary coupled cluster ansatz},
journal = {Quantum Science and Technology},
}

@book{Coleman2015, place={Cambridge}, title={Introduction to Many-Body Physics}, publisher={Cambridge University Press}, author={Coleman, Piers}, year={2015}} 

@book{schiff1968,
  title={Quantum Mechanics},
  author={Schiff, Leonard I.},
  year={1968},
  publisher={Internet Archive},
  note={Available in Public Domain}, 
  addeddate={2012-11-13},
  identifier={ost-physics-schiff-quantummechanics},
  identifier-ark={ark:/13960/t0ht3xc8t},
  ocr={ABBYY FineReader 8.0},
  ppi={400}
}
@article{Seeley2012,
   title={The Bravyi-Kitaev transformation for quantum computation of electronic structure},
   volume={137},
   DOI={10.1063/1.4768229},
   number={22},
   journal={The Journal of Chemical Physics},
   publisher={AIP Publishing},
   author={Seeley, Jacob T. and Richard, Martin J. and Love, Peter J.},
   year={2012}
}

@Inbook{Jordan1993,
author="Jordan, P.
and Wigner, E. P.",
editor="Wightman, Arthur S.",
title="{\"U}ber das Paulische {\"A}quivalenzverbot",
bookTitle="The Collected Works of Eugene Paul Wigner: Part A: The Scientific Papers",
year="1993",
publisher="Springer Berlin Heidelberg",
address="Berlin, Heidelberg",
pages="109--129",
doi="10.1007/978-3-662-02781-3_9",
}


@incollection{BLINDER20191,
title = {Chapter 1 - Introduction to the Hartree-Fock method},
editor = {S.M. Blinder and J.E. House},
booktitle = {Mathematical Physics in Theoretical Chemistry},
publisher = {Elsevier},
pages = {1-30},
year = {2019},
series = {Developments in Physical and Theoretical Chemistry},
doi = {https://doi.org/10.1016/B978-0-12-813651-5.00001-2},
author = {S.M. Blinder},
keywords = {Hartree-Fock method, Self-consistent field, Slater determinant, Coulomb integral, Exchange integral, Second quantization, Roothaan equations, Electron correlation, Post-Hartree-Fock, Configuration interaction, Slater-type orbitals, Gaussian basis functions, Møller-Plesset perturbation theory, Couple cluster, Pople diagram},
}

@article{landau2015polynomial,
  title={A polynomial time algorithm for the ground state of one-dimensional gapped local Hamiltonians},
  author={Landau, Zeph and Vazirani, Umesh and Vidick, Thomas},
  journal={Nature Physics},
  volume={11},
  number={7},
  pages={566--569},
  year={2015},
  publisher={Nature Publishing Group},
  doi={10.1038/nphys3345}
}

@book{Shavitt2009, place={Cambridge}, series={Cambridge Molecular Science}, title={Many-Body Methods in Chemistry and Physics: MBPT and Coupled-Cluster Theory}, publisher={Cambridge University Press}, author={Shavitt, Isaiah and Bartlett, Rodney J.}, year={2009}, collection={Cambridge Molecular Science}
}


@book{Nielsen_Chuang_2010, place={Cambridge}, title={Quantum Computation and Quantum Information: 10th Anniversary Edition}, publisher={Cambridge University Press}, author={Nielsen, Michael A. and Chuang, Isaac L.}, year={2010}
}


@article{Bharti_2022,
   title={Noisy intermediate-scale quantum algorithms},
   volume={94},
   DOI={10.1103/revmodphys.94.015004},
   journal={Reviews of Modern Physics},
   publisher={American Physical Society (APS)},
   author={Bharti, Kishor and Cervera-Lierta, Alba and Kyaw, Thi Ha and Haug, Tobias and Alperin-Lea, Sumner and Anand, Abhinav and Degroote, Matthias and Heimonen, Hermanni and Kottmann, Jakob S. and Menke, Tim and Mok, Wai-Keong and Sim, Sukin and Kwek, Leong-Chuan and Aspuru-Guzik, Alán},
   year={2022}
}

@article{P_rez_Obiol_2023,
   title={Nuclear shell-model simulation in digital quantum computers},
   volume={13},
   DOI={10.1038/s41598-023-39263-7},
   journal={Scientific Reports},
   publisher={Springer Science and Business Media LLC},
   author={Pérez-Obiol, A. and Romero, A. M. and Menéndez, J. and Rios, A. and García-Sáez, A. and Juliá-Díaz, B.},
   year={2023}
}

@inbook{Pasquier,
   title={A lecture on the Calogero-Sutherland models},
   DOI={10.1007/3-540-58453-6_3},
   booktitle={Lecture Notes in Physics},
   publisher={Springer Berlin Heidelberg},
   author={Pasquier, V.},
   pages={36–48} }

@incollection{TOWNSEND201963,
title = {Chapter 3 - Post-Hartree-Fock methods: configuration interaction, many-body perturbation theory, coupled-cluster theory},
editor = {S.M. Blinder and J.E. House},
booktitle = {Mathematical Physics in Theoretical Chemistry},
publisher = {Elsevier},
pages = {63-117},
year = {2019},
series = {Developments in Physical and Theoretical Chemistry},
doi = {https://doi.org/10.1016/B978-0-12-813651-5.00003-6},
author = {Jacob Townsend and Justin K. Kirkland and Konstantinos D. Vogiatzis},
keywords = {Electronic structure theory, Quantum chemistry, Perturbation theory, Configuration interaction, Coupled-cluster, Strong correlation},
}

@article{Grimsley_2023,
   title={Adaptive, problem-tailored variational quantum eigensolver mitigates rough parameter landscapes and barren plateaus},
   volume={9},
   DOI={10.1038/s41534-023-00681-0},
   journal={npj Quantum Information},
   publisher={Springer Science and Business Media LLC},
   author={Grimsley, Harper R. and Barron, George S. and Barnes, Edwin and Economou, Sophia E. and Mayhall, Nicholas J.},
   year={2023},
}

@article{park2024,
    author = {Park, Chae-Yeun},
    title = "{Efficient ground state preparation in variational quantum eigensolver with symmetry-breaking layers}",
    journal = {APL Quantum},
    volume = {1},
    pages = {016101},
    year = {2024},
    abstract = "{A variational quantum eigensolver (VQE) solves the ground state problem of a given Hamiltonian by finding the parameters of a quantum circuit Ansatz that minimizes the Hamiltonian expectation value. Among possible quantum circuit Ansätze, the Hamiltonian variational Ansatz (HVA) is widely studied for quantum many-body problems as the Ansatz with sufficiently large depth is theoretically guaranteed to express the ground state. However, since the HVA shares the same symmetry with the Hamiltonian, it is not necessarily good at finding symmetry-broken ground states that prevail in nature. In this paper, we systematically explore the limitations of the HVA for solving symmetry-broken systems and propose an alternative quantum circuit Ansatz with symmetry-breaking layers. With extensive numerical simulations, we show that the proposed Ansatz finds the ground state in depth significantly shorter than the bare HVA when the target Hamiltonian has symmetry-broken ground states.}",
    doi = {10.1063/5.0186205}
}


@misc{bloch_sphere_wikipedia,
  author = "{Wikipedia contributors}",
  title = "{Bloch Sphere -- Wikipedia, The Free Encyclopedia}",
  year = "2024",
  url = "https://en.wikipedia.org/wiki/Bloch_sphere",
  note = "[Online; accessed 28-June-2024]"
}
@article{sun2018,
  title={{PySCF}: the Python-based simulations of chemistry framework},
  author={Sun, Qiming and Berkelbach, Timothy C and Blunt, Nick S and Booth, George H and Guo, Sheng and Li, Zhendong and Liu, Jie and McClain, James and Sharma, Sandeep and Wouters, Sebastian and Chan, Garnet K-L},
  journal={WIREs Computational Molecular Science},
  volume={8},
  pages={e1340},
  year={2018},
  doi={10.1002/wcms.1340}
}

@manual{python3,
  title={{Python Language Reference, version 3.10}},
  author={{Python Software Foundation}},
  year={2023},
  url={https://www.python.org/},
}

@article{hehre1969self,
  title={Self-Consistent Molecular-Orbital Methods. I. Use of Gaussian Expansions of Slater-Type Atomic Orbitals},
  author={Hehre, Warren J. and Stewart, Robert F. and Pople, John A.},
  journal={The Journal of Chemical Physics},
  volume={51},
  pages={2657-2664},
  year={1969},
  publisher={AIP Publishing},
  doi={10.1063/1.1672392}
}

@misc{mit_deuteron,
  author = "{MIT OpenCourseWare contributors}",
  title = {22.101 Applied Nuclear Physics, Fall 2006, Lecture 8},
  year = {2006},
  url = {https://ocw.mit.edu/courses/22-101-applied-nuclear-physics-fall-2006/497ddad3e0a83df651129dff4ccbc2cb_lec08.pdf}
}

@software{qiskit,
  author       = {Gadi Aleksandrowicz and
                  Thomas Alexander and
                  Panagiotis Barkoutsos and
                  Luciano Bello and
                  Yael Ben-Haim and
                  David Bucher and
                  Francisco Jose Cabrera-Hernández and
                  Jorge Carballo-Franquis and
                  Adrian Chen and
                  Chun-Fu Chen and
                  Jerry M. Chow and
                  Antonio D. Córcoles-Gonzales and
                  Abigail J. Cross and
                  Andrew Cross and
                  Juan Cruz-Benito and
                  Chris Culver and
                  Salvador De La Puente González and
                  Enrique De La Torre and
                  Delton Ding and
                  Eugene Dumitrescu and
                  Ivan Duran and
                  Pieter Eendebak and
                  Mark Everitt and
                  Ismael Faro Sertage and
                  Albert Frisch and
                  Andreas Fuhrer and
                  Jay Gambetta and
                  Borja Godoy Gago and
                  Juan Gomez-Mosquera and
                  Donny Greenberg and
                  Ikko Hamamura and
                  Vojtech Havlicek and
                  Joe Hellmers and
                  Łukasz Herok and
                  Hiroshi Horii and
                  Shaohan Hu and
                  Takashi Imamichi and
                  Toshinari Itoko and
                  Ali Javadi-Abhari and
                  Naoki Kanazawa and
                  Anton Karazeev and
                  Kevin Krsulich and
                  Peng Liu and
                  Yang Luh and
                  Yunho Maeng and
                  Manoel Marques and
                  Francisco Jose Martín-Fernández and
                  Douglas T. McClure and
                  David McKay and
                  Srujan Meesala and
                  Antonio Mezzacapo and
                  Nikolaj Moll and
                  Diego Moreda Rodríguez and
                  Giacomo Nannicini and
                  Paul Nation and
                  Pauline Ollitrault and
                  Lee James O'Riordan and
                  Hanhee Paik and
                  Jesús Pérez and
                  Anna Phan and
                  Marco Pistoia and
                  Viktor Prutyanov and
                  Max Reuter and
                  Julia Rice and
                  Abdón Rodríguez Davila and
                  Raymond Harry Putra Rudy and
                  Mingi Ryu and
                  Ninad Sathaye and
                  Chris Schnabel and
                  Eddie Schoute and
                  Kanav Setia and
                  Yunong Shi and
                  Adenilton Silva and
                  Yukio Siraichi and
                  Seyon Sivarajah and
                  John A. Smolin and
                  Mathias Soeken and
                  Hitomi Takahashi and
                  Ivano Tavernelli and
                  Charles Taylor and
                  Pete Taylour and
                  Kenso Trabing and
                  Matthew Treinish and
                  Wes Turner and
                  Desiree Vogt-Lee and
                  Christophe Vuillot and
                  Jonathan A. Wildstrom and
                  Jessica Wilson and
                  Erick Winston and
                  Christopher Wood and
                  Stephen Wood and
                  Stefan Wörner and
                  Ismail Yunus Akhalwaya and
                  Christa Zoufal},
  title        = {{Qiskit: An Open-source Framework for Quantum 
                   Computing}},
  year         = 2019,
  publisher    = {Zenodo},
  version      = {1.1.0},
  doi          = {10.5281/zenodo.2562111}
}
@software{cirq_2024,
  author       = {Cirq Developers},
  title        = {Cirq},
  year         = 2024,
  publisher    = {Zenodo},
  version      = {v1.4.0},
  doi          = {10.5281/zenodo.11398048}

}
@misc{kay2023tutorialquantikzpackage,
      title={Tutorial on the Quantikz Package}, 
      author={Alastair Kay},
      year={2023},
      eprint={1809.03842},
      archivePrefix={arXiv},
      primaryClass={quant-ph},
      url={https://arxiv.org/abs/1809.03842}
}