@article{Toshkov,
author = {Dimiter Toshkov},
title ={Embracing European Law: Compliance with EU Directives in Central and Eastern Europe},
journal = {European Union Politics},
volume = {9},
number = {3},
pages = {379-402},
year = {2008},
doi = {10.1177/1465116508093490},
URL = {https://doi.org/10.1177/1465116508093490}
}








@article{Padgett,
author = { Stephen   Padgett },
title = {Between synthesis and emulation: EU policy transfer in the power sector},
journal = {Journal of European Public Policy},
volume = {10},
number = {2},
pages = {227-245},
year  = {2003},
publisher = {Routledge},
doi = {10.1080/1350176032000059017},

URL = { 
        https://doi.org/10.1080/1350176032000059017
    
},
eprint = { 
        https://doi.org/10.1080/1350176032000059017
    
}

}









@article{Tanja,
author = { Tanja A.   Borzel },
title = {Why there is no 'southern problem'. On environmental leaders and laggards in the European Union},
journal = {Journal of European Public Policy},
volume = {7},
number = {1},
pages = {141-162},
year  = {2000},
publisher = {Routledge},
doi = {10.1080/135017600343313},

URL = { 
        https://doi.org/10.1080/135017600343313
    
},
eprint = { 
        https://doi.org/10.1080/135017600343313
    
}

}









@article{toshkov2,
author = { Dimiter   Toshkov },
title = {In search of the worlds of compliance: culture and transposition performance in the European Union},
journal = {Journal of European Public Policy},
volume = {14},
number = {6},
pages = {933-959},
year  = {2007},
publisher = {Routledge},
doi = {10.1080/13501760701497956},

URL = { 
        https://doi.org/10.1080/13501760701497956
    
},
eprint = { 
        https://doi.org/10.1080/13501760701497956
    
}

}










@article{thoman,
author = {Eva Thomann and Asya Zhelyazkova},
title = {Moving beyond (non-)compliance: the customization of European Union policies in 27 countries},
journal = {Journal of European Public Policy},
volume = {24},
number = {9},
pages = {1269-1288},
year  = {2017},
publisher = {Routledge},
doi = {10.1080/13501763.2017.1314536},

URL = { 
        https://doi.org/10.1080/13501763.2017.1314536
    
},
eprint = { 
        https://doi.org/10.1080/13501763.2017.1314536
    
}

}


