% This file was created with JabRef 2.4.2.
% Encoding: UTF-8

@ARTICLE{PhysRevLett.74.2422,
  author = {Abachi, S. and Abbott, B. and Abolins, M. and Acharya, B. S. and
	Adam, I. and Adams, D. L. and Adams, M. and Ahn, S. and Aihara, H.
	and \'Alvarez, G. and Alves, G. A. and Amidi, E. and Amos, N. and
	Anderson, E. W. and Aronson, S. H. and Astur, R. and Avery, R. E.
	and Baden, A. and Balamurali, V. and Balderston, J. and Baldin, B.
	and Bantly, J. and Bartlett, J. F. and Bazizi, K. and Behnke, T.
	and Bendich, J. and Beri, S. B.},
  title = {Search for High Mass Top Quark Production in $p\overline p$ Collisions
	at sqrt$[s]=$ 1.8 TeV},
  journal = {Phys. Rev. Lett.},
  year = {1995},
  volume = {74},
  pages = {2422--2426},
  number = {13},
  month = {Mar},
  doi = {10.1103/PhysRevLett.74.2422},
  numpages = {4},
  publisher = {American Physical Society}
}

@ARTICLE{PhysRevLett.74.2626,
  author = {Abe, F. and Akimoto, H. and Akopian, A. and Albrow, M. G. and Amendolia,
	S. R. and Amidei, D. and Antos, J. and Anway-Wiese, C. and Aota,
	S. and Apollinari, G. and Asakawa, T. and Ashmanskas, W. and Atac,
	M. and Auchincloss, P. and Azfar, F. and Azzi-Bacchetta, P. and Bacchetta,
	N. and Badgett, W. and Bagdasarov, S. and Bailey, M. W. and Bao,
	J. and de Barbaro, P. and Barbaro-Galtieri, A. and Barnes, V. E.
	and Barnett, B. A. and Bartalini, P. and Bauer, G. },
  title = {Observation of Top Quark Production in $p\overline p$ Collisions
	with the Collider Detector at Fermilab},
  journal = {Phys. Rev. Lett.},
  year = {1995},
  volume = {74},
  pages = {2626--2631},
  number = {14},
  month = {Apr},
  doi = {10.1103/PhysRevLett.74.2626},
  numpages = {5},
  publisher = {American Physical Society}
}

@ARTICLE{afshar-2006-810,
  author = {Shahriar S. Afshar},
  title = {Violation of Bohr's Complementarity: One Slit or Both?},
  journal = {AIP CONF.PROC.},
  year = {2006},
  volume = {810},
  pages = {294},
  url = {doi:10.1063/1.2158731}
}

@ARTICLE{afshar-2005-5866,
  author = {Shahriar S. Afshar},
  title = {Violation of the principle of Complementarity, and its implications},
  journal = {PROC.SPIE},
  year = {2005},
  volume = {5866},
  pages = {229},
  url = {doi:10.1117/12.638774}
}

@BOOK{Aitchison:gauge,
  title = {Gauge Theories in Particle Physics},
  publisher = {Taylor \& Francis},
  year = {2004},
  author = {I.J.R. Aitchison and A.J.G. Hey},
  edition = {3 edition},
  owner = {johannes},
  timestamp = {2009.03.02}
}

@ARTICLE{bartlett1981,
  author = {Rodney J. Bartlett},
  title = {Many-Body perturbation theory and coupled cluster theory for electron
	correlation in molecules},
  journal = {Ann. Rev. Phys. Chem.},
  year = {1981},
  volume = {32},
  pages = {359-401},
  owner = {johannes},
  timestamp = {2009.02.10}
}

@ARTICLE{bartlett:291,
  author = {Rodney J. Bartlett and Monika Musial},
  title = {Coupled-cluster theory in quantum chemistry},
  journal = {Rev. Mod. Phys.},
  year = {2007},
  volume = {79},
  pages = {291},
  number = {1},
  eid = {291},
  doi = {10.1103/RevModPhys.79.291},
  keywords = {molecular electronic states; excited states; ab initio calculations;
	quantum chemistry; coupled cluster calculations},
  numpages = {62},
  publisher = {APS},
  url = {http://link.aps.org/abstract/RMP/v79/p291}
}

@ARTICLE{Bernard1992315,
  author = {Véronique Bernard and Norbert Kaiser and Joachim Kambor and Ulf-G.
	Meißner},
  title = {Chiral structure of the nucleon},
  journal = {Nuclear Physics B},
  year = {1992},
  volume = {388},
  pages = {315 - 345},
  number = {2},
  doi = {DOI: 10.1016/0550-3213(92)90615-I},
  issn = {0550-3213},
  url = {http://www.sciencedirect.com/science/article/B6TVC-472T5HK-2B2/2/503f6d2bfc116c0373a5570d0d6dd225}
}

@ARTICLE{bbp1963,
  author = {Bethe, H. A. and Brandow, B. H. and Petschek, A. G.},
  journal = {Phys. Rev.},
  year = {1963},
  volume = {129},
  pages = {225}
}

@ARTICLE{bloch58,
  author = {Claude Bloch},
  title = {Sur la th\'eorie des perturbations des \'etats li\'es},
  journal = {Nucl. Phys.},
  year = {1958},
  volume = {6},
  pages = {329-347},
  doi = {10.1016/0029-5582(58)90116-0},
  owner = {johannes},
  timestamp = {2008.10.30}
}

@ARTICLE{blochhoro,
  author = {Claude Bloch and Jules Horowitz},
  title = {Sur la d\'etermination des premiers \'etats d'un syst\`eme de fermions
	dans le cas d\'eg\'en\'er\'e},
  journal = {Nucl. Phys.},
  year = {1958},
  volume = {8},
  pages = {91-97},
  doi = {10.1016/0029-5582(58)90136-6},
  owner = {johannes},
  timestamp = {2008.10.30}
}

@ARTICLE{bogner02,
  author = {Bogner, Scott and Kuo, T. T. S. and Coraggio, L. and Covello, A.
	and Itaco, N.},
  title = {Low momentum nucleon-nucleon potential and shell model effective
	interactions},
  journal = {Phys. Rev. C},
  year = {2002},
  volume = {65},
  pages = {051301},
  number = {5},
  month = {Apr},
  doi = {10.1103/PhysRevC.65.051301},
  numpages = {5},
  publisher = {American Physical Society}
}

@ARTICLE{bogner2003,
  author = {S.~K. Bogner and T.~T.~S. Kuo and A. Schwenk},
  title = {Model-independent low momentum nucleon interaction from phase shift
	equivalence},
  journal = {Phys. Rep},
  year = {2003},
  volume = {386},
  pages = {1},
  file = {:/home/johannes/fysikk/kjernefys/kompendier/Model-independent_low_momentum_nucleon_interaction.pdf:PDF},
  url = {http://www.citebase.org/abstract?id=oai:arXiv.org:nucl-th/0305035}
}

@ARTICLE{bogner-2005-763,
  author = {S.~K. Bogner and A. Schwenk and R.~J. Furnstahl and A. Nogga},
  title = {Is nuclear matter perturbative with low-momentum interactions?},
  journal = {Nuclear Physics A},
  year = {2005},
  volume = {763},
  pages = {59},
  file = {:/home/johannes/fysikk/kjernefys/kompendier/vlowk_nuclear_matter.pdf:PDF},
  url = {http://www.citebase.org/abstract?id=oai:arXiv.org:nucl-th/0504043}
}

@MISC{bogner-2001,
  author = {S.~K. Bogner and A. Schwenk and T.~T.~S. Kuo and G.~E. Brown},
  title = {Renormalization Group Equation for Low Momentum Effective Nuclear
	Interactions},
  year = {2001},
  file = {:/home/johannes/fysikk/kjernefys/kompendier/Renormalization_Group_Equation_for_Low.pdf:PDF},
  url = {http://www.citebase.org/abstract?id=oai:arXiv.org:nucl-th/0111042}
}

@ARTICLE{1965,
  author = {Broyden, C. G.},
  title = {A Class of Methods for Solving Nonlinear Simultaneous Equations},
  journal = {Mathematics of Computation},
  year = {1965},
  volume = {19},
  pages = {577--593},
  number = {92},
  copyright = {Copyright Â© 1965 American Mathematical Society},
  issn = {00255718},
  jstor_articletype = {primary_article},
  jstor_formatteddate = {Oct., 1965},
  publisher = {American Mathematical Society},
  url = {http://www.jstor.org/stable/2003941}
}

@ARTICLE{bruecknerG,
  author = {K. A. Brueckner},
  title = {Two-Body Forces and Nuclear Saturation. III. Details of the Structure
	of the Nucleus},
  journal = {Phys. Rev.},
  year = {1955},
  volume = {97},
  pages = {1353},
  owner = {johannre},
  timestamp = {2009.06.15}
}

@BOOK{spacetime,
  title = {An Introduction to General Relativity, Spacetime and Geometry},
  publisher = {Addison Wesley},
  year = {2004},
  author = {Sean M. Carrol},
  owner = {johannes},
  timestamp = {2008.10.30}
}

@ARTICLE{Coester1958421,
  author = {F. Coester},
  title = {Bound states of a many-particle system},
  journal = {Nuclear Physics},
  year = {1958},
  volume = {7},
  pages = {421 - 424},
  doi = {DOI: 10.1016/0029-5582(58)90280-3},
  issn = {0029-5582},
  url = {http://www.sciencedirect.com/science/article/B73DR-472JF6T-F7/2/943022875c98916f4fc69b5f8d336300}
}

@ARTICLE{Coester1960477,
  author = {F. Coester and H. K\"ummel},
  title = {Short-range correlations in nuclear wave functions},
  journal = {Nucl. Phys.},
  year = {1960},
  volume = {17},
  pages = {477 - 485},
  doi = {DOI: 10.1016/0029-5582(60)90140-1},
  issn = {0029-5582},
  url = {http://www.sciencedirect.com/science/article/B73DR-46YSTKH-PF/2/0e96a04837ee00df645c90f2321ebc60}
}

@ARTICLE{sjefer,
  author = {T. Daniel Crawford and Henry F. SchaeferIII},
  title = {An Introduction to Coupled Cluster Theory for Computational Chemists},
  journal = {Reviews in Computational Chemistry},
  year = {2000},
  volume = {14},
  pages = {33-136}
}

@ARTICLE{dayzab,
  author = {B. D. Day and John G. Zabolitsky},
  title = {Coupled-Cluster calculation for nuclear matter and comparison with
	the hole-line expansion},
  journal = {Nucl. Phys. A},
  year = {1981},
  volume = {366},
  pages = {221-244},
  owner = {johannes},
  timestamp = {2008.12.15}
}

@ARTICLE{eden96,
  author = {Eden, J. A. and Gari, M. F.},
  title = {Does the 3N force have a hard core?},
  journal = {Phys. Rev. C},
  year = {1996},
  volume = {53},
  pages = {1510--1518},
  number = {4},
  month = {Apr},
  doi = {10.1103/PhysRevC.53.1510},
  file = {:/home/johannes/fysikk/kjernefys/kompendier/eden.pdf:PDF},
  numpages = {8},
  publisher = {American Physical Society}
}

@ARTICLE{engvik94,
  author = {Engvik, L. and Hjorth-Jensen, M. and Osnes, E. and Bao, G. and \O{}stgaard,
	E.},
  title = {Asymmetric Nuclear Matter and Neutron Star Properties},
  journal = {Phys. Rev. Lett.},
  year = {1994},
  volume = {73},
  pages = {2650--2653},
  number = {20},
  month = {Nov},
  doi = {10.1103/PhysRevLett.73.2650},
  file = {:/home/johannes/fysikk/kjernefys/kompendier/asymmnuclematter.pdf:PDF},
  numpages = {3},
  publisher = {American Physical Society}
}

@ARTICLE{entem-2003-68,
  author = {D.~R. Entem and R. Machleidt},
  title = {Accurate Charge-Dependent Nucleon-Nucleon Potential at Fourth Order
	of Chiral Perturbation Theory},
  journal = {Phys. Rev. C},
  year = {2003},
  volume = {68},
  pages = {041001},
  url = {http://www.citebase.org/abstract?id=oai:arXiv.org:nucl-th/0304018}
}

@ARTICLE{epelbaoum-1998-637,
  author = {E. Epelbaoum and W. Glockle and Ulf-G. Meissner},
  title = {Nuclear forces from chiral Lagrangians using the method of unitary
	transformation I: Formalism},
  journal = {Nuclear Physics A},
  year = {1998},
  volume = {637},
  pages = {107},
  file = {:/home/johannes/fysikk/kjernefys/kompendier/meissner1.pdf:PDF},
  url = {http://www.citebase.org/abstract?id=oai:arXiv.org:nucl-th/9801064}
}

@ARTICLE{epelbaum2006,
  author = {E. Epelbaum},
  title = {Few-nucleon forces and systems in chiral effective field theory},
  journal = {Prog. Part. Nucl. Phys.},
  year = {2006},
  volume = {57},
  pages = {654},
  abstract = {We outline the structure of the nuclear force in the framework of
	chiral effective field theory of QCD and review recent applications
	to processes involving few nucleons.},
  doi = {doi:10.1016/j.ppnp.2005.09.002},
  file = {epelbaum.pdf:/home/mhjensen/Library_of_Topics/NN_interactions/epelbaum.pdf:PDF},
  keywords = {Effective field theory; Chiral perturbation theory; Nuclear forces;
	Few-nucleon systems; Isospin-violating effects; Chiral extrapolations},
  owner = {mhjensen},
  timestamp = {2007.02.14}
}

@ARTICLE{epelbaum-2000-671,
  author = {E. Epelbaum and W. Glockle and Ulf-G. Meissner},
  title = {Nuclear forces from chiral Lagrangians using the method of unitary
	transformation II: The two-nucleon system},
  journal = {Nuclear Physics A},
  year = {2000},
  volume = {671},
  pages = {295},
  file = {:/home/johannes/fysikk/kjernefys/kompendier/meissner2.pdf:PDF},
  url = {http://www.citebase.org/abstract?id=oai:arXiv.org:nucl-th/9910064}
}

@BOOK{fetter,
  title = {Quantum Theory of Many-Particle Systems},
  publisher = {Dover publications},
  year = {2003},
  author = {Alexander L. Fetter and John Dirk Walecka},
  owner = {Johannes Rekkedal}
}

@BOOK{starsglendenning,
  title = {Compact Stars},
  publisher = {Springer-Verlag New York Berlin Heidelberg},
  year = {2000},
  author = {Normann K. Glendenning},
  timestamp = {2008.10.30}
}

@BOOK{greiner,
  title = {FIELD QUANTIZATION},
  publisher = {Springer-Verlag Berlin Heidelberg},
  year = {1996},
  author = {Walter Greiner and Joachim Reinhardt}
}

@BOOK{heinonen,
  title = {Many-Particle Theory},
  publisher = {Adam Hilger, Bristol},
  year = {1991},
  author = {E. K. U. Gross and E. Runge and O. Heinonen}
}

@ARTICLE{gamow,
  author = {Gaute Hagen and Morten Hjorth-Jensen and N. Michel},
  title = {Gamow shell model and realistic nucleon-nucleon interactions},
  journal = {Phys. Rev. C},
  year = {2006},
  volume = {73},
  pages = {064307},
  file = {:/home/johannes/fysikk/kjernefys/kompendier/gamow.pdf:PDF}
}

@ARTICLE{hagen:034302,
  author = {G. Hagen and T. Papenbrock and D. J. Dean and A. Schwenk and A. Nogga
	and M. W\l och and P. Piecuch},
  title = {Coupled-cluster theory for three-body Hamiltonians},
  journal = {Phys. Rev. C},
  year = {2007},
  volume = {76},
  pages = {034302},
  number = {3},
  eid = {034302},
  doi = {10.1103/PhysRevC.76.034302},
  numpages = {11},
  publisher = {APS},
  url = {http://link.aps.org/abstract/PRC/v76/e034302}
}

@ARTICLE{neutronstarmorten,
  author = {Henning Heiselberg and Morten Hjorth-Jensen},
  title = {Phases of dense matter in neutron stars},
  journal = {Physics Reports},
  year = {2000},
  volume = {328},
  pages = {237-327}
}

@ARTICLE{nat:hewish,
  author = {A. Hewish and J. Bell and J. D. H. Pilkington and P. F. Scott and
	R. A. Collins},
  title = {Observation of a Rapidly Pulsating Radio Source},
  journal = {Nature},
  year = {1968},
  volume = {217},
  pages = {709-713},
  owner = {johannre},
  timestamp = {2009.06.12}
}

@BOOK{heydeshellmodel,
  title = {The nuclear shell model},
  publisher = {Springer},
  year = {1990},
  author = {Kris L.G. Heyde},
  owner = {johannes},
  timestamp = {2009.02.10}
}

@UNPUBLISHED{compphys-mhjensen,
  author = {Morten Hjorth-Jensen},
  title = {Computational Physics},
  note = {www.uio.no/studier/emner/matnat/fys/FYS3150/h07/undervisningsmateriale/Lecture\%20Notes/lecture2007.pdf},
  owner = {johannre},
  timestamp = {2009.05.12}
}

@UNPUBLISHED{morten:lec1,
  author = {Morten Hjorth-Jensen},
  title = {lecture1},
  note = {Lecture notes in physics},
  file = {:/home/johannes/fysikk/kjernefys/master/thesis/mortentex/lecture1.pdf:PDF},
  owner = {johannes},
  timestamp = {2009.03.02},
  url = {http://folk.uio.no/mhjensen/manybody/cens1.pdf}
}

@UNPUBLISHED{morten:lec2,
  author = {Morten Hjorth-Jensen},
  title = {lecture2},
  note = {Lecture notes in physics},
  file = {:/home/johannes/fysikk/kjernefys/master/thesis/mortentex/lecture2.pdf:PDF},
  owner = {johannes},
  timestamp = {2009.03.02},
  url = {http://folk.uio.no/mhjensen/manybody/cens2.pdf}
}

@ARTICLE{realeff,
  author = {Morten Hjorth-Jensen and Thomas T.S Kuo and Eivind Osnes},
  title = {Realistic effective interactions for nuclear systems},
  journal = {Physics Reports},
  year = {1995},
  volume = {261},
  pages = {125-270},
  file = {:/home/johannes/fysikk/kjernefys/kompendier/realeffint.pdf:PDF},
  owner = {johannes},
  timestamp = {2008.10.30}
}

@MISC{holt-2006,
  author = {Jeremy Holt and Gerald Brown},
  title = {Hans Bethe: The Nuclear Many Body Problem},
  year = {2006},
  url = {http://www.citebase.org/abstract?id=oai:arXiv.org:nucl-th/0509016}
}

@ARTICLE{jennings-2005-72,
  author = {B.~K. Jennings},
  title = {Projection Operator Formalisms and the Nuclear Shell Model},
  journal = {Europhysics Letters},
  year = {2005},
  volume = {72},
  pages = {211},
  url = {http://www.citebase.org/abstract?id=oai:arXiv.org:nucl-th/0504042}
}

@BOOK{kraneintro,
  title = {Introductory nuclear physics},
  publisher = {John Wiley \& Sons},
  year = {1988},
  author = {Kenneth S. Krane},
  owner = {johannes},
  timestamp = {2009.02.14}
}

@PHDTHESIS{kung,
  author = {Chaw-Lung Kung},
  title = {The effect of high energy excitations in the core polarization diagram
	in mass 18 nuclei},
  school = {State University of New York at Stony Brook},
  year = {1978},
  type = {{PhD} in Physics}
}

@BOOK{kuoosnes,
  title = {Folded-Diagram Theory of the Effective Interaction in Nuclei, Atoms
	and Molecules},
  publisher = {Springer Berlin / Heidelberg},
  year = {1990},
  author = {T.T.S Kuo and Eivind Osnes},
  volume = {364},
  pages = {1-170},
  series = {Lecture Notes in Physics},
  doi = {10.1007/3-540-53023-1_1},
  owner = {johannes},
  timestamp = {2008.10.31}
}

@ARTICLE{kuo:jskjema,
  author = {T.T.S Kuo and J. Shurpin and K.C. Tam and E. Osnes and P.J. Ellis},
  title = {A simple method for Evaluating Goldstone diagrams in an angular momentum
	coupled representation},
  journal = {Ann. phys.},
  year = {1981},
  volume = {132},
  pages = {237-276},
  owner = {johannre},
  timestamp = {2009.06.20}
}

@BOOK{kuo1981,
  title = {Topics in many-body theory of nuclear effective interactions},
  publisher = {Springer},
  year = {1981},
  editor = {T. T. S. Kuo and S. M. Wong},
  author = {T. T. S. Kuo},
  volume = {144},
  pages = {248-352},
  series = {Lecture Notes in Physics},
  doi = {10.1007/3-540-10851-3_3},
  file = {:/home/johannes/fysikk/kjernefys/kompendier/kuo/topics_in_many_body.pdf:PDF},
  owner = {johannes},
  timestamp = {2008.10.31}
}

@ARTICLE{kummelzab,
  author = {H. Kümmel and K.H. Lührmann and John G. Zabolitsky},
  title = {Many-fermion theory in expS- (OR COUPLED CLUSTER) FORM},
  journal = {Physics Reports},
  year = {1978},
  volume = {36C},
  pages = {1-63},
  owner = {johannes},
  timestamp = {2008.12.15}
}

@ARTICLE{leesuz,
  author = {Shyh Yuan Lee and Kenji Suzuki},
  title = {The effective interaction of two nucleons in the s-d shell},
  journal = {Phys. Lett. B},
  year = {1980},
  volume = {91},
  pages = {173},
  doi = {10.1016/0370-2693(80)90423-2},
  owner = {johannes},
  timestamp = {2008.10.30}
}

@UNPUBLISHED{machleidt2007,
  author = {R. Machleidt},
  title = {Nuclear forces from chiral effective field theory},
  year = {2007},
  url = {http://www.citebase.org/abstract?id=oai:arXiv.org:0704.0807}
}

@ARTICLE{machleidt-1994-242,
  author = {R. Machleidt and G.~Q. Li},
  title = {Nucleon-Nucleon Potentials in Comparison: Physics or Polemics?},
  journal = {Physics Reports},
  year = {1994},
  volume = {242},
  pages = {5},
  url = {http://www.citebase.org/abstract?id=oai:arXiv.org:nucl-th/9301019}
}

@ARTICLE{alhazen,
  author = {R. J. MacKay and R. W. Oldford},
  title = {Scientific Method, Statistical Method and the Speed of Light},
  journal = {Statistical Science},
  year = {2000},
  volume = {15},
  pages = {254-278},
  number = {3},
  doi = {10.1214/ss/1009212817},
  owner = {johannre},
  timestamp = {2009.03.29}
}

@BOOK{mandl:qft,
  title = {Quantum Field Theory},
  publisher = {Wiley},
  year = {1993},
  author = {Franz Mandl and Graham Shaw},
  owner = {johannes},
  timestamp = {2009.03.02}
}

@BOOK{particlemartin,
  title = {Particle Physics},
  publisher = {Wiley},
  year = {2008},
  author = {Brian Martin and Graham P. Shaw},
  owner = {johannes},
  timestamp = {2009.03.02}
}

@ARTICLE{PhysRev.124.583,
  author = {Mohling, Franz },
  title = {Theory of Nuclear Matter},
  journal = {Phys. Rev.},
  year = {1961},
  volume = {124},
  pages = {583--601},
  number = {2},
  month = {Oct},
  doi = {10.1103/PhysRev.124.583},
  numpages = {18},
  publisher = {American Physical Society}
}

@ARTICLE{PhysRevLett.72.1982,
  author = {Ord\'o\~nez, C. and Ray, L. and van Kolck, U.},
  title = {Nucleon-nucleon potential from an effective chiral Lagrangian},
  journal = {Phys. Rev. Lett.},
  year = {1994},
  volume = {72},
  pages = {1982--1985},
  number = {13},
  month = {Mar},
  doi = {10.1103/PhysRevLett.72.1982},
  file = {:/home/johannes/fysikk/kjernefys/kompendier/ordones.pdf:PDF},
  numpages = {3},
  publisher = {American Physical Society}
}

@BOOK{Peskin,
  title = {An Introduction to Quantum Field Theory},
  publisher = {Westview Press},
  year = {1995},
  author = {M. E. Peskin and D. V. Schroeder},
  owner = {Johannes Rekkedal}
}

@ARTICLE{plohl:034325,
  author = {O. Plohl and C. Fuchs},
  title = {Relativistic self-energy in nuclear dynamics},
  journal = {Physical Review C (Nuclear Physics)},
  year = {2006},
  volume = {74},
  pages = {034325},
  number = {3},
  eid = {034325},
  doi = {10.1103/PhysRevC.74.034325},
  numpages = {20},
  publisher = {APS},
  url = {http://link.aps.org/abstract/PRC/v74/e034325}
}

@BOOK{Ringnuclmbproblem,
  title = {The nuclear many-body problem},
  publisher = {Springer-Verlag Berlin Heidelberg},
  year = {1980},
  editor = {R. Balian},
  author = {P Ring and P Schuck},
  owner = {johannes},
  timestamp = {2009.02.10}
}

@BOOK{sakurai,
  title = {Modern Quantum Mechanics},
  publisher = {Addison Wesley},
  year = {1993},
  author = {J. J. Sakurai},
  pages = {500},
  edition = {Rev Sub edition},
  month = {September},
  owner = {johannes},
  timestamp = {2008.11.03}
}

@UNPUBLISHED{scherer2005,
  author = {Stefan Scherer and Matthias R. Schindler},
  title = {A Chiral Perturbation Theory Primer},
  year = {2005},
  file = {:/home/johannes/fysikk/kjernefys/kompendier/aprimerchiral.pdf:PDF},
  url = {http://www.citebase.org/abstract?id=oai:arXiv.org:hep-ph/0505265}
}

@BOOK{book:deshalit,
  title = {Nuclear shell theory},
  publisher = {Academic Press New-York},
  year = {1963},
  author = {A. de-Shalit and I. Talmi},
  owner = {johannre},
  timestamp = {2009.06.17}
}

@BOOK{shankar94,
  title = {Principles of Quantum Mechanics},
  publisher = {Springer},
  year = {1994},
  author = {R. Shankar},
  pages = {694},
  month = {September},
  owner = {johannes},
  review = {"An excellent text … The postulates of quantum mechanics and the mathematical
	underpinnings are discussed in a clear, succinct manner." (American
	Scientist)
	
	
	"No matter how gently one introduces students to the concept of Dirac’s
	bras and kets, many are turned off. Shankar attacks the problem head-on
	in the first chapter, and in a very informal style suggests that
	there is nothing to be frightened of." (Physics Bulletin)
	
	
	Reviews of the Second Edition:
	
	
	"This massive text of 700 and odd pages has indeed an excellent get-up,
	is very verbal and expressive, and has extensively worked out calculational
	details---all just right for a first course. The style is conversational,
	more like a corridor talk or lecture notes, though arranged as a
	text. … It would be particularly useful to beginning students and
	those in allied areas like quantum chemistry." (Mathematical Reviews)
	
	
	
	
	R. Shankar has introduced major additions and updated key presentations
	in this second edition of Principles of Quantum Mechanics. New features
	of this innovative text include an entirely rewritten mathematical
	introduction, a discussion of Time-reversal invariance, and extensive
	coverage of a variety of path integrals and their applications. Additional
	highlights include:
	
	
	- Clear, accessible treatment of underlying mathematics
	
	
	- A review of Newtonian, Lagrangian, and Hamiltonian mechanics
	
	
	- Student understanding of quantum theory is enhanced by separate
	treatment of mathematical theorems and physical postulates
	
	
	- Unsurpassed coverage of path integrals and their relevance in contemporary
	physics
	
	
	The requisite text for advanced undergraduate- and graduate-level
	students, Principles of Quantum Mechanics, Second Edition is fully
	referenced and is supported by many exercises and solutions. The
	book’s self-contained chapters also make it suitable for independent
	study as well as for courses in applied disciplines.},
  timestamp = {2008.11.03}
}

@BOOK{siemenselementsnuclei,
  title = {Elements of nuclei},
  publisher = {Addison Wesley Publishing},
  year = {1987},
  editor = {John David Jackson and David Pines},
  author = {Philip J. Siemens and Aksel S. Jensen},
  owner = {johannre},
  timestamp = {2009.02.10}
}

@MISC{siu-2007,
  author = {L.~-W. Siu and T.~T.~S. Kuo and R. Machleidt},
  title = {Low-momentum ring diagrams of neutron matter at and near the unitary
	limit},
  year = {2007},
  url = {http://www.citebase.org/abstract?id=oai:arXiv.org:0710.5717}
}

@ARTICLE{inmedium,
  author = {V. Soma and P. Bozek},
  title = {In-medium T matrix for nuclear matter with three-body forces: Binding
	energy and single-particle properties},
  journal = {Phys. Rev. C},
  year = {2008},
  volume = {78},
  pages = {054003},
  owner = {johannre},
  timestamp = {2009.06.12}
}

@ARTICLE{suzlee,
  author = {Kenji Suzuki and Shyh Yuan Lee},
  title = {Convergent Theory for Effective Interaction in Nuclei},
  journal = {Prog. Theo. Phys.},
  year = {1980},
  volume = {64},
  pages = {2091-2106},
  doi = {10.1143/PTP.64.2091},
  file = {:/home/johannes/fysikk/kjernefys/kompendier/leesuzuki.pdf:PDF},
  owner = {johannes},
  timestamp = {2008.10.30}
}

@BOOK{thouless,
  title = {Quantum Mechanics of Many Body Systems},
  publisher = {Academic Press},
  year = {1961},
  author = {D. J Thouless},
  timestamp = {2008.11.03}
}

@BOOK{weinberg:qftvol1,
  title = {The Quantum Theory of Fields, Volume 1: Foundations},
  publisher = {Cambridge University Press},
  year = {2005},
  author = {Steven Weinberg},
  owner = {johannes},
  timestamp = {2009.03.02}
}

@ARTICLE{wong,
  author = {C. W. Wong and D. M. Clement},
  title = {VECTOR BRACKET AND TRANSFORMED WAVE FUNCTION OF A FEW-BODY STATE},
  journal = {Nucl. Phys},
  year = {1972},
  volume = {A183},
  pages = {210--224}
}

@ARTICLE{yukawa35,
  author = {Hideki Yukawa},
  title = {On the Interaction of Elementary Particles. I},
  journal = {Proc. Phys.-Math. Soc. Japan},
  year = {1935},
  volume = {17},
  pages = {48-57},
  file = {:/home/johannes/fysikk/kjernefys/kompendier/yukawa.pdf:PDF},
  owner = {johannes},
  timestamp = {2008.10.24}
}

@BOOK{nutshell,
  title = {Quantum Field Theory in a Nutshell},
  publisher = {{Princeton University Press}},
  year = {2003},
  author = {Zee, A. },
  month = {March},
  abstract = {{<p>An esteemed researcher and acclaimed popular author takes up the
	challenge of providing a clear, relatively brief, and fully up-to-date
	introduction to one of the most vital but notoriously difficult subjects
	in theoretical physics. A quantum field theory text for the twenty-first
	century, this book makes the essential tool of modern theoretical
	physics available to any student who has completed a course on quantum
	mechanics and is eager to go on.</p><p>Quantum field theory was invented
	to deal simultaneously with special relativity and quantum mechanics,
	the two greatest discoveries of early twentieth-century physics,
	but it has become increasingly important to many areas of physics.
	These days, physicists turn to quantum field theory to describe a
	multitude of phenomena.</p><p>Stressing critical ideas and insights,
	Zee uses numerous examples to lead students to a true conceptual
	understanding of quantum field theory--what it means and what it
	can do. He covers an unusually diverse range of topics, including
	various contemporary developments, while guiding readers through
	thoughtfully designed problems. In contrast to previous texts, Zee
	incorporates gravity from the outset and discusses the innovative
	use of quantum field theory in modern condensed matter theory.</p><p>Without
	a solid understanding of quantum field theory, no student can claim
	to have mastered contemporary theoretical physics. Offering a remarkably
	accessible conceptual introduction, this text will be widely welcomed
	and used.</p>}},
  citeulike-article-id = {365249},
  howpublished = {Hardcover},
  isbn = {0691010196},
  keywords = {book\_quantum\_field\_theory},
  posted-at = {2006-01-18 19:08:44},
  priority = {5}
}

