% ----------------------------------------------------------------------------
% ------------------------------ Master Theses -------------------------------
% ----------------------------------------------------------------------------
@MastersThesis{dragly,
    author   = {Svenn-Arne Dragly},
    title    = {Bridging Quantum Mechanics and Molecular Dynamics with Artificial Neural Networks},
    school   = {University of Oslo},
    year     = {2014},
}

@MastersThesis{stende,
    author   = {John-Anders Stende},
    title    = {Constructing high-dimensional neural network potentials for molecular dynamics},
    school   = {University of Oslo},
    year     = {2017},
}

@MastersThesis{treider,
    author   = {Håkon Treider},
    title    = {Speeding up ab-initio molecular dynamics with artificial neural networks},
    school   = {University of Oslo},
    year     = {2017},
}



% ----------------------------------------------------------------------------
% ---------------------------------- Books -----------------------------------
% ----------------------------------------------------------------------------
@book{engel,
   author    = {E. Engel and R.M. Dreizler}, 
   title     = {Density Functional Theory},
   publisher = {Springer-Verlag Berlin Heidelberg},
   year      = 2011,
   isbn      = {3-642-14089-0}
}

@book{mcdonald,
   author    = {J.M. McDonald and N.A. Weiss}, 
   title     = {A course in Real Analysis},
   publisher = {Academic Press},
   year      = 2013,
   edition   = 2,
   isbn      = {0-12-387774-1}
}

@book{roos,
   editor    = {B.O. Roos}, 
   title     = {Lecture Notes in Quantum Chemistry II},
   publisher = {Springer-Verlag Berlin Heidelberg},
   year      = 1994,
   isbn      = {3-540-58620-2}
}

@book{martin,
   author    = {R.M. Martin}, 
   title     = {Electronic Structure},
   publisher = {Cambridge University Press},
   year      = 2004,
   isbn      = {0-521-53440-2}
}

@book{kryachko,
   author    = {E.S. Kryachko and E.V. Ludeña}, 
   title     = {Energy Density Functional Theory of Many-Electron Systems},
   publisher = {Kluwer Academic Publishers},
   year      = 1990,
   isbn      = {0-7923-0641-4}
}

@book{yangparr,
   author    = {R.G. Parr and W. Yang}, 
   title     = {Density-functional theory of atoms and molecules},
   publisher = {Oxford University Press},
   year      = 1989,
   isbn      = {0-19-504279-4}
}

@book{szabo,
   author    = {A. Szabo and N.S. Ostlund}, 
   title     = {Modern Quantum Chemistry},
   publisher = {Dover Publications},
   year      = 1996,
   isbn      = {0-486-69186-1}
}

@book{raimes,
   author    = {S. Raimes}, 
   title     = {Many-Electron Theory},
   publisher = {North-Holland Publishing Company},
   year      = 1972,
   isbn      = {0-444-10353-8}
}

@book{levine,
   author    = {I.N. Levine}, 
   title     = {Quantum Chemistry},
   publisher = {Pearson},
   edition   = {7},
   year      = 2014,
   isbn      = {0-321-80345-0}
}

@book{gross,
   author    = {E.K.U. Gross and E.Runge and O. Heinonen}, 
   title     = {Many-Particle Theory},
   publisher = {Adam Hilger},
   year      = 1991,
   isbn      = {0-7503-0155-4}
}

@book{weissbluth,
   author    = {M. Weissbluth}, 
   title     = {Atoms and Molecules},
   publisher = {Academic Press},
   year      = 1978,
   isbn      = {0-12-744450-5}
}

@book{helgaker,
   author    = {T. Helgaker and P. Jørgensen and J. Olsen}, 
   title     = {Molecular Electronic-Structure Theory},
   publisher = {John Wiley \& Sons},
   year      = 2000,
   isbn      = {0-471-96755-6}
}

@book{thijssen,
   author    = {J. Thijssen}, 
   title     = {Computational Physics},
   publisher = {Cambridge University Press},
   year      = 2007,
   edition   = 2,
   isbn      = {1-107-67713-0}
}

@book{boas,
   author    = {M.L. Boas}, 
   title     = {Mathematical Methods in the Physical Sciences},
   publisher = {John Wiley \& Sons},
   year      = 2006,
   edition   = 3,
   isbn      = {0-471-19826-9}
}

@book{rynne,
   author    = {B.P. Rynne and M.A. Youngson}, 
   title     = {Linear Functional Analysis},
   publisher = {Springer-Verlag London},
   year      = 2008,
   edition   = 2,
   isbn      = {1-84800-004-9}
}

@book{klauder,
   author    = {J.R. Klauder}, 
   title     = {A Modern Approach to Functional Integration},
   publisher = {Birkhäuser},
   year      = 2011,
   isbn      = {0-8176-4790-2}
}

@book{davis,
   author    = {P.J. Davis and P. Rabinowitz}, 
   title     = {Methods of Numerical Integration},
   publisher = {Academic Press},
   year      = 1984,
   edition   = 2,
   isbn      = {0-12-206360-0}
}

@book{rottmann,
   author    = {K. Rottmann}, 
   title     = {Matematisk Formelsamling},
   publisher = {Spektrum Forlag},
   year      = 2008,
   edition   = 10,
   isbn      = {8278220050}
}

@book{krylov,
   author    = {V.I. Krylov}, 
   title     = {Approximate Calculation of Integrals},
   publisher = {Dover Publications},
   year      = 2005,
   edition   = 1,
   isbn      = {0-486-44579-8}
}

@book{atkinson,
   author    = {K. Atkinson and W. Han}, 
   title     = {Spherical Harmonics and Approximations on the Unit Sphere: An Introduction},
   publisher = {Springer-Verlag Berlin Heidelberg},
   year      = 2012,
   isbn      = {3-642-25982-0}
}

@book{sobolev,
   author    = {S.L. Sobolev}, 
   title     = {Selected Works of S.L. Sobolev},
   publisher = {Springer},
   volume    = {1},
   year      = 2006,
   isbn      = {0-387-34148-X}
}

@book{sack,
   author    = {J.R. Sack and J. Urrutia}, 
   title     = {Handbook of Computational Chemistry},
   publisher = {North Holland},
   year      = 1999,
   isbn      = {0-444-82537-1}
}

@book{kuczma,
   author    = {M. Kuczma and B. Choczewski and R. Ger}, 
   title     = {Iterative Functional Equations},
   publisher = {Cambridge University Press},
   year      = 1990,
   isbn      = {0-521-35561-3}
}

@book{levine,
   author    = {I.N. Levine}, 
   title     = {Quantum Chemistry},
   publisher = {Pearson},
   edition   = {7},
   year      = 2014,
   isbn      = {0-321-80345-0}
}

@book{shankar,
   author    = {R. Shankar}, 
   title     = {Principles of Quantum Mechanics},
   publisher = {Plenum Press},
   edition   = {2},
   year      = 2011,
   isbn      = {0-306-44790-8}
}

@book{goldstein,
   author    = {H. Goldstein and C.P. Poole Jr. and J.L. Safko}, 
   title     = {Classical Mechanics},
   publisher = {Pearson},
   edition   = {3},
   year      = 2001,
   isbn      = {0-201-65702-3}
}

@book{brezis,
   author    = {H. Brezis}, 
   title     = {Functional Analysis, Sobolev Spaces and Partial Differential Equations},
   publisher = {Springer},
   year      = 2010,
   isbn      = {0-387-70913-4}
}

@book{sakurai,
   author    = {J.J. Sakurai}, 
   title     = {Modern Quantum Mechanics},
   publisher = {Addison Wesley},
   edition   = {revised},
   year      = 1993,
   isbn      = {0-201-53929-2}
}

@book{hassani,
   author    = {S. Hassani}, 
   title     = {Mathematical Physics},
   publisher = {Springer-Verlag},
   year      = 1999,
   isbn      = {0-387-98579-4}
}

@book{mahan,
   author    = {G.D. Mahan}, 
   title     = {Quantum Mechanics in a Nutshell},
   publisher = {Princeton University Press},
   year      = 2009,
   isbn      = {0-691-13713-7}
}

@book{itzykson,
   author    = {C. Itzykson and J.B. Zuber}, 
   title     = {Quantum Field Theory},
   publisher = {McGraw-Hill Book Company},
   year      = 1980,
   isbn      = {0-07-032071-3}
}

@book{griffiths,
   author    = {D.J. Griffiths}, 
   title     = {Introduction to Quantum Mechanics},
   publisher = {Pearson Prentice Hall},
   edition   = {2},
   year      = 2005,
   isbn      = {0-13-191175-9}
}

@book{schroeder,
   author    = {D.V. Schroeder}, 
   title     = {An Introduction to Thermal Physics},
   publisher = {Pearson},
   year      = 2005,
   isbn      = {0-201-38027-7}
}

@book{weinberg,
   author    = {S. Weinberg}, 
   title     = {Lectures on Quantum Mechanics},
   publisher = {Cambridge University Press},
   edition   = {2},
   year      = 2015,
   isbn      = {1-107-11166-8}
}

@book{salasnich,
   author    = {L. Salasnich}, 
   title     = {Quantum Physics of Light and Matter},
   subtitle  = {A Modern Introduction to Photons, Atoms and Many-Body Systems},
   publisher = {Springer},
   year      = 2016,
   isbn      = {3-319-38271-3}
}

@book{wheeler,
   author    = {J.A. Wheeler and W.H. Zurek}, 
   title     = {Quantum Theory and Measurement},
   publisher = {Princeton University Press},
   year      = 1983,
   isbn      = {0-691-61316-8}
}

@book{hammond,
   author    = {B.L. Hammond and W.A. Lester Jr. and P.J. Reynolds}, 
   title     = {Monte Carlo Methods in Ab Initio Quantum Chemistry},
   publisher = {Wspc},
   year      = 1994,
   isbn      = {981-02-0322-5}
}

@book{weissbluth,
   author    = {M. Weissbluth}, 
   title     = {Atoms and Molecules},
   publisher = {Academic Press},
   year      = 1978,
   isbn      = {0-12-744450-5}
}

@book{zumdahl,
   author    = {S.S. Zumdahl}, 
   title     = {Chemical Principles},
   publisher = {Brooks-Cole Publishing},
   edition   = {6},
   year      = 2009,
   isbn      = {0-538-73456-6}
}

@book{hinchliffe,
   author    = {A. Hinchliffe}, 
   title     = {Modelling Molecular Structures},
   publisher = {Wiley},
   edition   = {2},
   year      = 2000,
   isbn      = {0-471-62380-6}
}

@book{thijssen,
   author    = {J. Thijssen}, 
   title     = {Computational Physics},
   publisher = {Cambridge University Press},
   edition   = {2},
   year      = 2013,
   isbn      = {1-107-67713-0}
}

@book{numericalrecipes,
   author    = {W.H. Press and S.A. Teukolsky and W.T. Vetterling and B.P. Flannery}, 
   title     = {Numerical Recipes},
   subtitle  = {The Art of Scientific Computing},
   publisher = {Cambridge University Press},
   edition   = {3},
   year      = 2007,
   isbn      = {0-521-88068-8}
}

@book{gilks,
   author    = {W.R. Gilks and S. Richardson and D. Spiegelhalter}, 
   title     = {Markov Chain Monte Carlo in Practice},
   publisher = {Chapman and Hall},
   year      = 1995,
   isbn      = {0-412-05551-1}
}

@book{gardiner,
   author    = {C.W. Gardiner}, 
   title     = {Handbook of Stochastic Methods},
   subtitle  = {for Physics, Chemistry and the Natural Sciences},
   publisher = {Springer-Verlag},
   edition   = {3},
   year      = 2004,
   isbn      = {3-540-20882-8}
}

@book{chaichian,
   author    = {M. Chaichian and A. Demichev}, 
   title     = {Path Integrals in Physics},
   subtitle  = {Stochastic Processes and Quantum Mechanics},
   volume    = {1},
   publisher = {CRC Press},
   year      = 2001,
   isbn      = {0-7503-0801-X}
}

@book{kalos,
   author    = {M.H. Kalos and P.A. Whitlock}, 
   title     = {Monte Carlo Methods},
   edition   = {Second, Revised and Enlarged},
   publisher = {Wiley-VCH},
   year      = 2008,
   isbn      = {3-527-40760-X}
}

@book{vankampen,
   author    = {N.G. Van Kampen}, 
   title     = {Stochastic Processes in Physics and Chemistry},
   edition   = {3},
   publisher = {North Holland},
   year      = 2007,
   isbn      = {0-444-52965-9}
}

@book{barton,
   author    = {G. Barton}, 
   title     = {Elements of Green's Functions and Propagation},
   subtitle  = {Potentials, Diffusion, and Waves},
   publisher = {Clarendon Press},
   year      = 1989,
   isbn      = {0-19-851998-2}
}

@book{lay,
   author    = {D.C. Lay}, 
   title     = {Linear Algebra and Its Applications},
   publisher = {Pearson Education},
   edition   = {4},
   year      = 2012,
   isbn      = {0-321-62335-5}
}

@book{householder,
   author    = {A.S. Householder}, 
   title     = {The Theory of Matrices in Numerical Analysis},
   publisher = {Blaisdell Publishing Co.},
   year      = 1964,
   isbn      = {1-124-05391-3}
}

@book{anderson,
   author    = {J.B. Anderson}, 
   title     = {Quantum Monte Carlo},
   subtitle  = {Origins, Development, Applications},
   publisher = {Oxford University Press},
   year      = 2007,
   isbn      = {0-19-531010-1}
}

@book{shavitt,
   author    = {I. Shavitt and R.J. Bartlett}, 
   title     = {Many-Body Methods in Chemistry and Physics},
   subtitle  = {MBPT and Coupled-Cluster Theory},
   publisher = {Cambridge University Press},
   year      = 2009,
   isbn      = {0-521-81832-X}
}

@book{cramer,
   author    = {C.J. Cramer}, 
   title     = {Essentials of Computational Chemistry},
   subtitle  = {Theories and Models},
   publisher = {Wiley},
   edition   = {2},
   year      = 2004,
   isbn      = {0-470-09182-7}
}

@book{hochstadt,
   author    = {H. Hochstadt}, 
   title     = {The Functions of Mathematical Physics},
   publisher = {Dover Publications},
   edition   = {revised},
   year      = 2012,
   isbn      = {0-486-65214-9}
}

@book{weinan,
   author    = {E. Weinan}, 
   title     = {Principles of Multiscale Modeling},
   publisher = {Cambridge University Press},
   year      = 2011,
   isbn      = {1-107-09654-5}
}

@book{raff,
   author    = {L.M. Raff and R. Komanduri and M. Hagan and S.T.S. bukkapatnam}, 
   title     = {Neural networks in chemical reaction dynamics},
   publisher = {Oxford University Press},
   year      = 2012,
   isbn      = {0-19-976565-0}
}

@book{devore,
   author    = {J.L. Devore and K.N. Berk}, 
   title     = {Modern Mathematical Statistics with Applications},
   publisher = {Brooks/Cole},
   year      = 2006,
   isbn      = {0-495-11022-1}
}

@book{atkins,
   author    = {P. Atkins and J. de Paula}, 
   title     = {Atkins' Physical Chemistry},
   publisher = {Oxford University Press},
   edition   = {10},
   year      = 2014,
   isbn      = {987-0-19-969740-3}
}

@book{primer,
   author    = {H. P. Langtangen}, 
   title     = {A Primer on Scientific Programming with Python},
   publisher = {Springer-Verlag Berlin Heidelberg},
   edition   = {2},
   year      = 2011,
   isbn      = {978-3-642-18365-2}
}

@book{frenkel,
   author    = {D. Frenkel and B. Smit}, 
   title     = {Understanding Molecular Simulation},
   subtitle  = {From Algorithms to Applications},
   publisher = {Academic Press},
   year      = 2002,
   isbn      = {0-12-267351-4}
}



% ----------------------------------------------------------------------------
% ------------------------------ Lecture Notes -------------------------------
% ----------------------------------------------------------------------------
@misc{toulouse,
   author       = {J. Toulouse}, 
   title        = {Introduction to density-functional theory},
   month        = 6,
   year         = 2017,
   note         = {Lecture notes},
   URL          = {http://www.lct.jussieu.fr/pagesperso/toulouse/enseignement/introduction_dft.pdf}
}

@misc{giese,
   author       = {T.J. Giese}, 
   title        = {Density functional theory},
   month        = 4,
   year         = 2008,
   note         = {Lecture notes},
   URL          = {http://theory.rutgers.edu/~giese/notes/DFT.pdf}
}

@misc{kvaal,
   author       = {S. Kvaal}, 
   title        = {Lecture notes for FYS-KJM4480},
   month        = 9,
   year         = 2017,
   note         = {Lecture notes},
   URL          = {http://theory.rutgers.edu/~giese/notes/DFT.pdf}
}

@misc{hjorthjensen,
   author       = {M. Hjorth-Jensen}, 
   title        = {Computational Physics},
   month        = 8,
   year         = 2015,
   note         = {Lecture notes},
   URL          = {https://github.com/CompPhysics/ComputationalPhysics/blob/master/doc/Lectures/lectures2015.pdf}
}

@misc{hjorth-jensen,
   author       = {M. Hjorth-Jensen}, 
   title        = {Computational Physics},
   month        = 8,
   year         = 2015,
   note         = {Lecture notes},
   URL          = {https://github.com/CompPhysics/ComputationalPhysics/blob/master/doc/Lectures/lectures2015.pdf}
}


@misc{lindstrom,
   author       = {T. Lindstrøm}, 
   title        = {Mathematical Analysis},
   year         = 2017,
   note         = {Lecture notes},
   URL          = {http://folk.uio.no/snorrec/17VMat2400/Spaces.pdf}
}

@misc{morken,
   author       = {K. Mørken}, 
   title        = {Numerical Algorithms and Digital Representation},
   year         = 2017,
   month        = 9,
   note         = {Lecture notes},
   URL          = {http://www.uio.no/studier/emner/matnat/math/MAT-INF1100/h17/kompendiet/matinf1100.pdf}
}

@misc{beentjes,
   author       = {C.H.L. Beentjes}, 
   title        = {Quadrature on a Spherical Surface},
   year         = 2015,
   note         = {Lecture notes},
   URL          = {http://people.maths.ox.ac.uk/beentjes/Essays/QuadratureSphere.pdf}
}

@misc{giese2,
   author       = {T.J. Giese}, 
   title        = {Numerical Quadrature},
   year         = 2008,
   month        = 2,
   note         = {Lecture notes},
   URL          = {http://theory.rutgers.edu/~giese/notes/Quadrature.pdf}
}

@misc{matinf5620,
   author       = {H.P. Langtangen}, 
   title        = {Numerical Methods for Partial Differential Equations},
   year         = 2016,
   note         = {Lecture notes},
   URL          = {http://hplgit.github.io/num-methods-for-PDEs/doc/pub/index.html}
}

@misc{fys4110,
   author       = {J.M. Leinaas}, 
   title        = {Modern Quantum Mechanics},
   year         = 2016,
   month        = 8,
   note         = {Lecture notes},
   URL          = {http://www.uio.no/studier/emner/matnat/fys/FYS4110/h17/undervisningsmateriale/lecturenotes2016.pdf}
}

@misc{alexander,
   author       = {M.H. Alexander}, 
   title        = {Molecular Electronic Structure},
   year         = 2017,
   month        = 5,
   note         = {Lecture notes},
   URL          = {http://www2.chem.umd.edu/groups/alexander/chem691/Chap3.pdf}
}

@misc{hauge,
   author       = {E.H. Hauge}, 
   title        = {Kinetisk Teori},
   subtitle     = {Transportteori},
   year         = 1970,
   note         = {Lecture notes},
}

@online{top500,
   author       = {E. Strohmaier and J. Dongarra and H. Simon and M. Meuer}, 
   title        = {Top 500: November 2017},
   url          = {\url{https://www.top500.org/lists/2017/11/}},
   year         = 2017,
   urldate      = {2017-11-15}
}

@misc{cloc,
   author       = {A. Danial},
   title        = {cloc},
   year         = {2017},
   publisher    = {GitHub},
   journal      = {GitHub repository},
   howpublished = {\url{https://github.com/AlDanial/cloc}},
   commit       = {354bc609e00d0db9c10c5bb0cef87ab4f55639cd}
}

@misc{TURBOMOLE, 
   title = {{TURBOMOLE V7.2 2017}, a development of {University of Karlsruhe} and {Forschungszentrum Karlsruhe GmbH}, 1989-2007, {TURBOMOLE GmbH}, since 2007; available from \\ {\tt http://www.turbomole.com}.}
}  

@unpublished{integrals,
   title= {Molecular Integral Evaluation},
   author = {T. Helgaker},
   year = {2010},
   note= {The 11th Sostrup Summer School: Quantum Chemistry and Molecular Properties},
   URL= {\url{http://folk.uio.no/helgaker/talks/SostrupIntegrals_10.pdf}},
}

@misc{anaconda,
   author = {Anaconda}, 
   title  = {Anaconda Software Distribution (version 2-2.4.0)},
   year   = {2016},
   url    = {\url{https://anaconda.com}},
}

@misc{numgrid,
  author = {Radovan Bast and Roberto Di Remigio},
  title = {Numgrid},
  year = {2017},
  publisher = {GitHub},
  journal = {GitHub repository},
  howpublished = {\url{https://github.com/dftlibs/numgrid}},
  commit = {c2731ca9329bf9df171de2153fea7f29d386b159}
}


% ----------------------------------------------------------------------------
% -------------------------------- In Book -----------------------------------
% ----------------------------------------------------------------------------
@inproceedings{dirac1929,
  title={Quantum mechanics of many-electron systems},
  author={Dirac, Paul Adrien Maurice},
  booktitle={Proceedings of the Royal Society of London A: Mathematical, Physical and Engineering Sciences},
  volume={123},
  number={792},
  pages={714--733},
  year={1929},
  organization={The Royal Society}
}

@Inbook{langhoff,
   author="Langhoff, Stephen R. and Bauschlicher, Charles W. and Partridge, Harry",
   editor="Bartlett, Rodney J.",
   title="Theoretical Dissociation Energies for Ionic Molecules",
   bookTitle="Comparison of Ab Initio Quantum Chemistry with Experiment for Small    Molecules: The State of the Art Proceedings of a Symposium Held at Philadelphia,    Pennsylvania, 27--29 August, 1984",
   year="1985",
   publisher="Springer Netherlands",
   address="Dordrecht",
   pages="357--407",
   isbn="978-94-009-5474-8",
   doi="10.1007/978-94-009-5474-8_13",
   url="https://doi.org/10.1007/978-94-009-5474-8_13"
}

@Inbook{assaraf,
   author="J. Toulouse and R. Assaraf and C.J. Umrigar",
   editor="P.E. Hoggan and T. Ozdogan",
   title="Introduction to the Variational and Diffusion Monte Carlo Methods",
   bookTitle="Advances in Quantum Chemistry, Volume 73",
   year="2016",
   publisher="Elsevier",
   pages="285--314",
   isbn="978-0-12-803060-8",
}

@Inbook{bressanini,
   author = {Bressanini, Dario and Reynolds, Peter},
   year = {2007},
   month = {03},
   pages = {37 - 64},
   title = {Between Classical and Quantum Monte Carlo Methods: “Variational” QMC},
   volume = {105},
   isbn = {0-470-14164-6},
   booktitle = {Advances in Chemical Physics}
}

@Inbook{taylor,
   author = {T. Helgaker and P.R. Taylor},
   year = {1995},
   pages = {725 - 856},
   title = {Gaussian basis sets and molecular integrals},
   isbn = {981-02-2988-7},
   booktitle = {Modern Electronic Structure Theory, Part II},
   publisher = {World Scientific},
   editor = {David Yarkony},
   url = {\url{http://folk.uio.no/helgaker/reprints/ModElectStructTheory_GaussianBasisIntegrals_1995.pdf}}
}

@inproceedings{boys,
  title={Electronic wave functions. I. A general method of calculation for the stationary states of any molecular system},
  author={Boys, S Francis},
  booktitle={Proceedings of the Royal Society of London A: Mathematical, Physical and Engineering Sciences},
  volume={200},
  number={1063},
  pages={542--554},
  year={1950},
  organization={The Royal Society}
}


% ----------------------------------------------------------------------------
% -------------------------------- Articles ----------------------------------
% ----------------------------------------------------------------------------
@article{hohenberg-kohn,
   title = {Inhomogeneous Electron Gas},
   author = {Hohenberg, P. and Kohn, W.},
   journal = {Phys. Rev.},
   volume = {136},
   issue = {3B},
   pages = {B864--B871},
   numpages = {0},
   year = {1964},
   month = {Nov},
   publisher = {American Physical Society},
   doi = {10.1103/PhysRev.136.B864},
   url = {https://link.aps.org/doi/10.1103/PhysRev.136.B864}
}

@article{vwn,
   author = {S. H. Vosko and L. Wilk and M. Nusair},
   title = {Accurate spin-dependent electron liquid correlation energies for local spin density calculations: a critical analysis},
   journal = {Canadian Journal of Physics},
   volume = {58},
   number = {8},
   pages = {1200-1211},
   year = {1980},
   doi = {10.1139/p80-159},
   URL = {https://doi.org/10.1139/p80-159},
   eprint = {https://doi.org/10.1139/p80-159}
}

@article {bornoppenheimer,
   author = {Born, M. and Oppenheimer, R.},
   title = {Zur Quantentheorie der Molekeln},
   journal = {Annalen der Physik},
   volume = {389},
   number = {20},
   publisher = {WILEY-VCH Verlag},
   issn = {1521-3889},
   url = {http://dx.doi.org/10.1002/andp.19273892002},
   doi = {10.1002/andp.19273892002},
   pages = {457--484},
   year = {1927},
}

@article{hartree, 
   title = {The Wave Mechanics of an Atom with a Non-Coulomb Central Field. Part I. Theory and Methods}, 
   volume = {24}, 
   DOI = {10.1017/S0305004100011919}, 
   number = {1}, 
   journal = {Mathematical Proceedings of the Cambridge Philosophical Society},
   publisher = {Cambridge University Press}, author={Hartree, D. R.}, 
   year = {1928},
   pages = {89–110}
}

@Article{fock,
   author="Fock, V.",
   title="N{\"a}herungsmethode zur L{\"o}sung des quantenmechanischen Mehrk{\"o}rperproblems",
   journal="Zeitschrift f{\"u}r Physik",
   year="1930",
   month="Jan",
   day="01",
   volume="61",
   number="1",
   pages="126--148",
   issn="0044-3328",
   doi="10.1007/BF01340294",
   url="https://doi.org/10.1007/BF01340294"
}

@article{roothan,
  title = {New Developments in Molecular Orbital Theory},
  author = {Roothaan, C. C. J.},
  journal = {Rev. Mod. Phys.},
  volume = {23},
  issue = {2},
  pages = {69--89},
  numpages = {0},
  year = {1951},
  month = {Apr},
  publisher = {American Physical Society},
  doi = {10.1103/RevModPhys.23.69},
  url = {https://link.aps.org/doi/10.1103/RevModPhys.23.69}
}

@article {hall,
   title = {The molecular orbital theory of chemical valency VIII. A method of calculating ionization potentials},
   volume = {205},
   number = {1083},
   pages = {541--552},
   year = {1951},
   doi = {10.1098/rspa.1951.0048},
   publisher = {The Royal Society},
   issn = {0080-4630},
   URL = {http://rspa.royalsocietypublishing.org/content/205/1083/541},
   eprint = {http://rspa.royalsocietypublishing.org/content/205/1083/541.full.pdf},
   journal = {Proceedings of the Royal Society of London A: Mathematical, Physical and Engineering Sciences}
}

@article{poplenesbet,
   author = {J. A. Pople and R. K. Nesbet},
   title = {Self-Consistent Orbitals for Radicals},
   journal = {The Journal of Chemical Physics},
   volume = {22},
   number = {3},
   pages = {571-572},
   year = {1954},
   doi = {10.1063/1.1740120},
   URL = {http://dx.doi.org/10.1063/1.1740120},
   eprint = {http://dx.doi.org/10.1063/1.1740120}
}

@article{hfreview,
   author = {P. Echenique and J.L. Alonso },
   title = {A mathematical and computational review of Hartree-Fock SCF methods in quantum chemistry},
   journal = {Molecular Physics},
   volume = {105},
   number = {23-24},
   pages = {3057-3098},
   year  = {2007},
   publisher = {Taylor \& Francis},
   doi = {10.1080/00268970701757875},
   URL = {http://dx.doi.org/10.1080/00268970701757875},
   eprint = {http://dx.doi.org/10.1080/00268970701757875}
}

@article {voronoi1,
   author = {Boerrigter, P. M. and Te Velde, G. and Baerends, J. E.},
   title = {Three-dimensional numerical integration for electronic structure calculations},
   journal = {International Journal of Quantum Chemistry},
   volume = {33},
   number = {2},
   publisher = {John Wiley \& Sons, Inc.},
   issn = {1097-461X},
   url = {http://dx.doi.org/10.1002/qua.560330204},
   doi = {10.1002/qua.560330204},
   pages = {87--113},
   year = {1988},
}

@article{voronoi2,
   title = "Numerical integration for polyatomic systems",
   journal = "Journal of Computational Physics",
   volume = "99",
   number = "1",
   pages = "84 - 98",
   year = "1992",
   issn = "0021-9991",
   doi = "https://doi.org/10.1016/0021-9991(92)90277-6",
   url = "http://www.sciencedirect.com/science/article/pii/0021999192902776",
   author = "G. te Velde and E.J. Baerends"
}

@article{beckegrid,
   author = {A. D. Becke},
   title = {A multicenter numerical integration scheme for polyatomic molecules},
   journal = {The Journal of Chemical Physics},
   volume = {88},
   number = {4},
   pages = {2547-2553},
   year = {1988},
   doi = {10.1063/1.454033},
   URL = {http://dx.doi.org/10.1063/1.454033},
   eprint = {http://dx.doi.org/10.1063/1.454033}
}

@article{mclaren,
   ISSN = {00255718, 10886842},
   URL = {http://www.jstor.org/stable/2003998},
   author = {A. D. McLaren},
   journal = {Mathematics of Computation},
   number = {84},
   pages = {361-383},
   publisher = {American Mathematical Society},
   title = {Optimal Numerical Integration on a Sphere},
   volume = {17},
   year = {1963}
}

@article{lebedev,
   author = {V. I. Lebedev},
   journal = {USSR Computational Mathematics and Mathematical Physics},
   number = {1},
   pages = {48-54},
   publisher = {American Mathematical Society},
   title = {Values of the nodes and weights of quadrature formulas of Gauss--Markov type for a sphere from the ninth to seventeenth order of accuracy that are invariant with respect to an octahedron group with inversion},
   volume = {15},
   year = {1975}
}

@article{becke2,
   author = {José M. Pérez‐Jordá and Axel D. Becke and Emilio San‐Fabián},
   title = {Automatic numerical integration techniques for polyatomic molecules},
   journal = {The Journal of Chemical Physics},
   volume = {100},
   number = {9},
   pages = {6520-6534},
   year = {1994},
   doi = {10.1063/1.467061},
   URL = {https://doi.org/10.1063/1.467061},
   eprint = {https://doi.org/10.1063/1.467061}
}

@article{bondar,
   title = {Operational Dynamic Modeling Transcending Quantum and Classical Mechanics},
   author = {Bondar, Denys I. and Cabrera, Renan and Lompay, Robert R. and Ivanov, Misha Yu. and Rabitz, Herschel A.},
   journal = {Phys. Rev. Lett.},
   volume = {109},
   issue = {19},
   pages = {190403},
   numpages = {5},
   year = {2012},
   month = {Nov},
   publisher = {American Physical Society},
   doi = {10.1103/PhysRevLett.109.190403},
   url = {https://link.aps.org/doi/10.1103/PhysRevLett.109.190403}
}

@article{remortel,
   title = {The nature of natural units},
   author = {van Remortel, Nick},
   journal = {Nature Physics},
   volume = {12},
   pages = {1082},
   numpages = {1},
   year = {2016},
   month = {Nov},
   publisher = {Nature Publishing Group},
   doi = {10.1038/nphys3950},
   url = {http://dx.doi.org/10.1038/nphys3950}
}

@article{lamb,
   title = {Long-range interactions of hydrogen atoms in excited states. II. Hyperfine-resolved $2S\text{\ensuremath{-}}2S$ systems},
   author = {Jentschura, U. D. and Debierre, V. and Adhikari, C. M. and Matveev, A. and Kolachevsky, N.},
   journal = {Phys. Rev. A},
   volume = {95},
   issue = {2},
   pages = {022704},
   numpages = {16},
   year = {2017},
   month = {Feb},
   publisher = {American Physical Society},
   doi = {10.1103/PhysRevA.95.022704},
   url = {https://link.aps.org/doi/10.1103/PhysRevA.95.022704}
}

@article{welton,
   title = {Some Observable Effects of the Quantum-Mechanical Fluctuations of the Electromagnetic Field},
   author = {Welton, Theodore A.},
   journal = {Phys. Rev.},
   volume = {74},
   issue = {9},
   pages = {1157--1167},
   numpages = {0},
   year = {1948},
   month = {Nov},
   publisher = {American Physical Society},
   doi = {10.1103/PhysRev.74.1157},
   url = {https://link.aps.org/doi/10.1103/PhysRev.74.1157}
}
  	
@article{bolotin,
  author={A Bolotin},
  title={Any realistic model of a physical system must be computationally realistic},
  journal={Journal of Physics: Conference Series},
  volume={574},
  number={1},
  pages={012088},
  url={http://stacks.iop.org/1742-6596/574/i=1/a=012088},
  year={2015},
}

@Article{Born1926,
   author="Born, Max",
   title="Quantenmechanik der Sto{\ss}vorg{\"a}nge",
   journal="Zeitschrift f{\"u}r Physik",
   year="1926",
   month="Nov",
   day="01",
   volume="38",
   number="11",
   pages="803--827",
   issn="0044-3328",
   doi="10.1007/BF01397184",
   url="https://doi.org/10.1007/BF01397184"
}

@article {kato,
   author = {Kato, Tosio},
   title = {On the eigenfunctions of many-particle systems in quantum mechanics},
   journal = {Communications on Pure and Applied Mathematics},
   volume = {10},
   number = {2},
   publisher = {Wiley Subscription Services, Inc., A Wiley Company},
   issn = {1097-0312},
   url = {http://dx.doi.org/10.1002/cpa.3160100201},
   doi = {10.1002/cpa.3160100201},
   pages = {151--177},
   year = {1957},
}

@article{katriel,
   author = {Katriel, J. and Davidson, E. R.}, 
   title = {Asymptotic behavior of atomic and molecular wave functions},
   volume = {77}, 
   number = {8}, 
   pages = {4403-4406}, 
   year = {1980}, 
   URL = {http://www.pnas.org/content/77/8/4403.abstract}, 
   eprint = {http://www.pnas.org/content/77/8/4403.full.pdf}, 
   journal = {Proceedings of the National Academy of Sciences} 
}

@article{goddard,
   author = {William A. Goddard III},
   title = {Wavefunctions and Correlation Energies for Two‐, Three‐, and    Four‐Electron Atoms},
   journal = {The Journal of Chemical Physics},
   volume = {48},
   number = {3},
   pages = {1008-1017},
   year = {1968},
   doi = {10.1063/1.1668754},
   URL = {https://doi.org/10.1063/1.1668754},
   eprint = {https://doi.org/10.1063/1.1668754}
}

@article{metropolis,
   author = {Nicholas Metropolis and Arianna W. Rosenbluth and Marshall N. Rosenbluth and Augusta H. Teller and Edward Teller},
   title = {Equation of State Calculations by Fast Computing Machines},
   journal = {The Journal of Chemical Physics},
   volume = {21},
   number = {6},
   pages = {1087-1092},
   year = {1953},
   doi = {10.1063/1.1699114},
   URL = {https://doi.org/10.1063/1.1699114},
   eprint = {https://doi.org/10.1063/1.1699114}
}

@article{hastings,
   author = {Hastings, W. K.},
   title = {Monte Carlo sampling methods using Markov chains and their applications},
   journal = {Biometrika},
   volume = {},
   number = {},
   pages = {97-109},
   year = {1970},
   doi = {10.1093/biomet/57.1.97},
   URL = { + http://dx.doi.org/10.1093/biomet/57.1.97},
   eprint = {/oup/backfile/content_public/journal/biomet/57/10.1093/   biomet/57.1.97/3/57-1-97.pdf}
}

@article{wood,
   author = {W. W. Wood and F. R. Parker},
   title = {Monte Carlo Equation of State of Molecules Interacting with the    Lennard‐Jones Potential. I. A Supercritical Isotherm at about Twice the Critical    Temperature},
   journal = {The Journal of Chemical Physics},
   volume = {27},
   number = {3},
   pages = {720-733},
   year = {1957},
   doi = {10.1063/1.1743822},
   URL = {https://doi.org/10.1063/1.1743822},
   eprint = {https://doi.org/10.1063/1.1743822}
}

@article{ceperly,
   title = {Monte Carlo simulation of a many-fermion study},
   author = {Ceperley, D. and Chester, G. V. and Kalos, M. H.},
   journal = {Phys. Rev. B},
   volume = {16},
   issue = {7},
   pages = {3081--3099},
   numpages = {0},
   year = {1977},
   month = {Oct},
   publisher = {American Physical Society},
   doi = {10.1103/PhysRevB.16.3081},
   url = {https://link.aps.org/doi/10.1103/PhysRevB.16.3081}
}

@article{sherman,
   ISSN = {00034851},
   URL = {http://www.jstor.org/stable/2236561},
   author = {Jack Sherman and Winifred J. Morrison},
   journal = {The Annals of Mathematical Statistics},
   number = {1},
   pages = {124-127},
   publisher = {Institute of Mathematical Statistics},
   title = {Adjustment of an Inverse Matrix Corresponding to a Change in One Element of a Given Matrix},
   volume = {21},
   year = {1950}
}

@MISC {shermanproof,
   TITLE = {Insightful proofs for Sherman-Morrison Formula and Matrix Determinant Lemma},
   AUTHOR = {Paul Hanson},
   HOWPUBLISHED = {Mathematics Stack Exchange},
   URL = {https://math.stackexchange.com/q/1167112}
}

@article{bijl,
   title = "The lowest wave function of the symmetrical many particles system",
   journal = "Physica",
   volume = "7",
   number = "9",
   pages = "869 - 886",
   year = "1940",
   issn = "0031-8914",
   doi = "https://doi.org/10.1016/0031-8914(40)90166-5",
   url = "http://www.sciencedirect.com/science/article/pii/0031891440901665",
   author = "A. Bijl"
}

@article{jastrow,
   title = {Many-Body Problem with Strong Forces},
   author = {Jastrow, Robert},
   journal = {Phys. Rev.},
   volume = {98},
   issue = {5},
   pages = {1479--1484},
   numpages = {0},
   year = {1955},
   month = {Jun},
   publisher = {American Physical Society},
   doi = {10.1103/PhysRev.98.1479},
   url = {https://link.aps.org/doi/10.1103/PhysRev.98.1479}
}

@article{myers,
   title={Fock's expansion, Kato's cusp conditions, and the exponential ansatz},
   author={Myers, Christopher R and Umrigar, Cyrus J and Sethna, James P and Morgan III, John D},
   journal={Physical Review A},
   volume={44},
   number={9},
   pages={5537},
   year={1991},
   publisher={APS}
}

@Article{Zhao2013,
   author={Zhao, Gongpu and Perilla, Juan R. and Yufenyuy, Ernest L. and Meng, Xin and Chen, Bo and Ning, Jiying and Ahn, Jinwoo and Gronenborn, Angela M. and Schulten, Klaus and Aiken, Christopher and Zhang, Peijun},
   title={Mature HIV-1 capsid structure by cryo-electron microscopy and all-atom molecular dynamics},
   journal={Nature},
   year={2013},
   month={May},
   day={29},
   publisher={Nature Publishing Group, a division of Macmillan Publishers Limited. All Rights Reserved. SN  -},
   volume={497},
   url={http://dx.doi.org/10.1038/nature12162}
}

@article{Reddy,
   title = "Nothing to Sneeze At: A Dynamic and Integrative Computational    Model of an Influenza A Virion ",
   journal = "Structure ",
   volume = "23",
   number = "3",
   pages = "584 - 597",
   year = "2015",
   note = "",
   issn = "0969-2126",
   doi = "https://doi.org/10.1016/j.str.2014.12.019",
   url = "https://www.sciencedirect.com/science/article/pii/S0969212615000325",
   author = "Tyler Reddy and David Shorthouse and Daniel L. Parton and    Elizabeth Jefferys and Philip W. Fowler and Matthieu Chavent and Marc    Baaden and Mark S.P. Sansom"
}

@article{dftperspective,
   author = {Axel D. Becke},
   title = {Perspective: Fifty years of density-functional theory in chemical physics},
   journal = {The Journal of Chemical Physics},
   volume = {140},
   number = {18},
   pages = {18A301},
   year = {2014},
   doi = {10.1063/1.4869598},
   URL = {https://doi.org/10.1063/1.4869598},
   eprint = {https://doi.org/10.1063/1.4869598}
}

@article{conroy,
   author = {Harold Conroy},
   title = {Molecular Schrödinger Equation. II. Monte Carlo Evaluation of    Integrals},
   journal = {The Journal of Chemical Physics},
   volume = {41},
   number = {5},
   pages = {1331-1335},
   year = {1964},
   doi = {10.1063/1.1726069},
   URL = {https://doi.org/10.1063/1.1726069},
   eprint = {https://doi.org/10.1063/1.1726069}
}

@article{kohnsham,
   title = {Self-Consistent Equations Including Exchange and Correlation Effects},
   author = {Kohn, W. and Sham, L. J.},
   journal = {Phys. Rev.},
   volume = {140},
   issue = {4A},
   pages = {A1133--A1138},
   numpages = {0},
   year = {1965},
   month = {Nov},
   publisher = {American Physical Society},
   doi = {10.1103/PhysRev.140.A1133},
   url = {https://link.aps.org/doi/10.1103/PhysRev.140.A1133}
}

@article{basissetexchange,
   author = {Schuchardt, Karen L. and Didier, Brett T. and Elsethagen, Todd and Sun, Lisong and Gurumoorthi, Vidhya and Chase, Jared and Li, Jun and Windus, Theresa L.},
   title = {Basis Set Exchange: A Community Database for Computational    Sciences},
   journal = {Journal of Chemical Information and Modeling},
   volume = {47},
   number = {3},
   pages = {1045-1052},
   year = {2007},
   doi = {10.1021/ci600510j},
   note ={PMID: 17428029},
   URL = {http://dx.doi.org/10.1021/ci600510j},
   eprint = {http://dx.doi.org/10.1021/ci600510j}
}

@article{binkley1980,
  title={Self-consistent molecular orbital methods. 21. Small split-valence basis sets for first-row elements},
  author={Binkley, J Stephen and Pople, John A and Hehre, Warren J},
  journal={Journal of the American Chemical Society},
  volume={102},
  number={3},
  pages={939--947},
  year={1980},
  publisher={ACS Publications}
}

@article{hehre1972,
  title={Self—consistent molecular orbital methods. XII. Further extensions of gaussian—type basis sets for use in molecular orbital studies of organic molecules},
  author={Hehre, Warren J and Ditchfield, Robert and Pople, John A},
  journal={The Journal of Chemical Physics},
  volume={56},
  number={5},
  pages={2257--2261},
  year={1972},
  publisher={AIP}
}

@article{dill1975,
  title={Self-consistent molecular orbital methods. XV. Extended Gaussian-type basis sets for lithium, beryllium, and boron},
  author={Dill, James D and Pople, John A},
  journal={The Journal of Chemical Physics},
  volume={62},
  number={7},
  pages={2921--2923},
  year={1975},
  publisher={AIP}
}

@article{krishnan1980,
  title={Self-consistent molecular orbital methods. XX. A basis set for correlated wave functions},
  author={Krishnan, RBJS and Binkley, J Stephen and Seeger, Rolf and Pople, John A},
  journal={The Journal of Chemical Physics},
  volume={72},
  number={1},
  pages={650--654},
  year={1980},
  publisher={AIP}
}

@article{dunning1989,
  title={Gaussian basis sets for use in correlated molecular calculations. I. The atoms boron through neon and hydrogen},
  author={Dunning Jr, Thom H},
  journal={The Journal of chemical physics},
  volume={90},
  number={2},
  pages={1007--1023},
  year={1989},
  publisher={AIP}
}

@article{hehre1969,
  title={self-consistent molecular-orbital methods. i. use of gaussian expansions of Slater-type atomic orbitals},
  author={Hehre, Warren J and Stewart, Robert F and Pople, John A},
  journal={The Journal of Chemical Physics},
  volume={51},
  number={6},
  pages={2657--2664},
  year={1969},
  publisher={AIP}
}

@article{slater,
   title = {The Theory of Complex Spectra},
   author = {Slater, J. C.},
   journal = {Phys. Rev.},
   volume = {34},
   issue = {10},
   pages = {1293--1322},
   numpages = {0},
   year = {1929},
   month = {Nov},
   publisher = {American Physical Society},
   doi = {10.1103/PhysRev.34.1293},
   url = {https://link.aps.org/doi/10.1103/PhysRev.34.1293}
}

@article{slater2,
   title = {Atomic Shielding Constants},
   author = {Slater, J. C.},
   journal = {Phys. Rev.},
   volume = {36},
   issue = {1},
   pages = {57--64},
   numpages = {0},
   year = {1930},
   month = {Jul},
   publisher = {American Physical Society},
   doi = {10.1103/PhysRev.36.57},
   url = {https://link.aps.org/doi/10.1103/PhysRev.36.57}
}

@article{zener,
   title = {Analytic Atomic Wave Functions},
   author = {Zener, Clarence},
   journal = {Phys. Rev.},
   volume = {36},
   issue = {1},
   pages = {51--56},
   numpages = {0},
   year = {1930},
   month = {Jul},
   publisher = {American Physical Society},
   doi = {10.1103/PhysRev.36.51},
   url = {https://link.aps.org/doi/10.1103/PhysRev.36.51}
}

@Article{klahn,
   author="Klahn, Bruno and Bingel, Werner A.",
   title="The convergence of the Rayleigh-Ritz Method in quantum chemistry",
   journal="Theoretica chimica acta",
   year="1977",
   month="Mar",
   day="01",
   volume="44",
   number="1",
   pages="27--43",
   issn="1432-2234",
   doi="10.1007/BF00548027",
   url="https://doi.org/10.1007/BF00548027"
}

@article {rico,
   author = {Fernández Rico, J. and López, R. and Ema, I. and Ramírez, G.},
   title = {Efficiency of the algorithms for the calculation of Slater    molecular integrals in polyatomic molecules},
   journal = {Journal of Computational Chemistry},
   volume = {25},
   number = {16},
   publisher = {John Wiley & Sons, Inc.},
   issn = {1096-987X},
   url = {http://dx.doi.org/10.1002/jcc.20131},
   doi = {10.1002/jcc.20131},
   pages = {1987--1994},
   keywords = {Slater type orbitals, molecular integrals, molecular    calculations},
   year = {2004},
}

@article {ema,
   author = {Ema, I. and García de la Vega, J. M. and Ramírez, G. and López,    R. and Fernández Rico, J. and Meissner, H. and Paldus, J.},
   title = {Polarized basis sets of Slater-type orbitals: H to Ne atoms},
   journal = {Journal of Computational Chemistry},
   volume = {24},
   number = {7},
   publisher = {Wiley Subscription Services, Inc., A Wiley Company},
   issn = {1096-987X},
   url = {http://dx.doi.org/10.1002/jcc.10227},
   doi = {10.1002/jcc.10227},
   pages = {859--868},
   keywords = {Slater-type atomic orbital basis sets, basis set optimization,    electron affinities, ionization and excitation energies},
   year = {2003},
}

@article{hu,
   author = {Wei Hu and Lin Lin and Chao Yang},
   title = {DGDFT: A massively parallel method for large scale density    functional theory calculations},
   journal = {The Journal of Chemical Physics},
   volume = {143},
   number = {12},
   pages = {124110},
   year = {2015},
   doi = {10.1063/1.4931732},
   URL = {https://doi.org/10.1063/1.4931732},
   eprint = {https://doi.org/10.1063/1.4931732}
}

@article{bowler,
   author={D.R. Bowler and T. Miyazaki},
   title={Calculations for millions of atoms with density functional theory: linear scaling shows its potential},
   journal={Journal of Physics: Condensed Matter},
   volume={22},
   number={7},
   pages={074207},
   url={http://stacks.iop.org/0953-8984/22/i=7/a=074207},
   year={2010},
}
   
@article{vandevondele,
   author = {VandeVondele, Joost and Borštnik, Urban and Hutter, Jürg},
   title = {Linear Scaling Self-Consistent Field Calculations with Millions of    Atoms in the Condensed Phase},
   journal = {Journal of Chemical Theory and Computation},
   volume = {8},
   number = {10},
   pages = {3565-3573},
   year = {2012},
   doi = {10.1021/ct200897x},
   note ={PMID: 26593003},
   URL = {http://dx.doi.org/10.1021/ct200897x},
   eprint = {http://dx.doi.org/10.1021/ct200897x}
}

@article{angulo,
   author = {Angulo, R. E. and Springel, V. and White, S. D. M. and Jenkins,    A. and Baugh, C. M. and Frenk, C. S.},
   title = {Scaling relations for galaxy clusters in the Millennium-XXL    simulation},
   journal = {Monthly Notices of the Royal Astronomical Society},
   volume = {426},
   number = {3},
   pages = {2046-2062},
   year = {2012},
   doi = {10.1111/j.1365-2966.2012.21830.x},
   URL = { + http://dx.doi.org/10.1111/j.1365-2966.2012.21830.x},
   eprint = {/oup/backfile/content_public/journal/mnras/426/3/10.1111/   j.1365-2966.2012.21830.x/2/426-3-2046.pdf}
}

@article{kim,
   title={The new horizon run cosmological N-body simulations},
   author={Kim, Juhan and Park, Changbom and Rossi, Graziano and Lee, Sang Min and Gott III, J Richard},
   journal={arXiv preprint arXiv:1112.1754},
   year={2011}
}

@article{hehre,
   author = {W. J. Hehre and R. F. Stewart and J. A. Pople},
   title = {Self‐Consistent Molecular‐Orbital Methods. I. Use of Gaussian    Expansions of Slater‐Type Atomic Orbitals},
   journal = {The Journal of Chemical Physics},
   volume = {51},
   number = {6},
   pages = {2657-2664},
   year = {1969},
   doi = {10.1063/1.1672392},
   URL = {https://doi.org/10.1063/1.1672392},
   eprint = {https://doi.org/10.1063/1.1672392}
}

@article{mcmurchie,
   title = "One- and two-electron integrals over cartesian gaussian functions",
   journal = "Journal of Computational Physics",
   volume = "26",
   number = "2",
   pages = "218 - 231",
   year = "1978",
   issn = "0021-9991",
   doi = "https://doi.org/10.1016/0021-9991(78)90092-X",
   url = "http://www.sciencedirect.com/science/article/pii/002199917890092X",
   author = "Larry E McMurchie and Ernest R Davidson"
}

@article{more1983computing,
   title={Computing a trust region step},
   author={Mor{\'e}, Jorge J and Sorensen, Danny C},
   journal={SIAM Journal on Scientific and Statistical Computing},
   volume={4},
   number={3},
   pages={553--572},
   year={1983},
   publisher={SIAM}
}

@article{charnes1955optimal,
   title={Optimal estimation of executive compensation by linear programming},
   author={Charnes, Abraham and Cooper, William W and Ferguson, Robert O},
   journal={Management science},
   volume={1},
   number={2},
   pages={138--151},
   year={1955},
   publisher={INFORMS}
}

@article{koenker1978regression,
   title={Regression quantiles},
   author={Koenker, Roger and Bassett Jr, Gilbert},
   journal={Econometrica: journal of the Econometric Society},
   pages={33--50},
   year={1978},
   publisher={JSTOR}
}

@techreport{ISO80000,
   type = {Standard},
   key = {ISO 80000-2:2009},
   month = dec,
   year = {2009},
   title = {{Quantities and units -- Part 2: Mathematical signs and symbols to be used in the natural sciences and technology}},
   volume = {2009},
   address = {Geneva, CH},
   institution = {International Organization for Standardization}
}

@article{trillion,
   author = {GERMANN, TIMOTHY C. and KADAU, KAI},
   title = {TRILLION-ATOM MOLECULAR DYNAMICS BECOMES A REALITY},
   journal = {International Journal of Modern Physics C},
   volume = {19},
   number = {09},
   pages = {1315-1319},
   year = {2008},
   doi = {10.1142/S0129183108012911},
   URL = {http://www.worldscientific.com/doi/abs/10.1142/S0129183108012911},
   eprint = {http://www.worldscientific.com/doi/pdf/10.1142/S0129183108012911}
}

@article{carparrinello,
   title = {Unified Approach for Molecular Dynamics and Density-Functional Theory},
   author = {Car, R. and Parrinello, M.},
   journal = {Phys. Rev. Lett.},
   volume = {55},
   issue = {22},
   pages = {2471--2474},
   numpages = {0},
   year = {1985},
   month = {Nov},
   publisher = {American Physical Society},
   doi = {10.1103/PhysRevLett.55.2471},
   url = {https://link.aps.org/doi/10.1103/PhysRevLett.55.2471}
}

@article{bomd1,
   title = "First principles molecular dynamics of Li: Test of a new algorithm"   ,
   journal = "Solid State Communications",
   volume = "78",
   number = "9",
   pages = "831 - 834",
   year = "1991",
   issn = "0038-1098",
   doi = "https://doi.org/10.1016/0038-1098(91)90629-A",
   url = "http://www.sciencedirect.com/science/article/pii/003810989190629A",
   author = "Renata M. Wentzcovitch and JoséLuís Martins"
}

@article{bomd2,
   author = {R. N. Barnett and Uzi Landman and Abraham Nitzan and Gunaretnam    Rajagopal},
   title = {Born–Oppenheimer dynamics using density‐functional theory:    Equilibrium and fragmentation of small sodium clusters},
   journal = {The Journal of Chemical Physics},
   volume = {94},
   number = {1},
   pages = {608-616},
   year = {1991},
   doi = {10.1063/1.460327},
   URL = {https://doi.org/10.1063/1.460327},
   eprint = {https://doi.org/10.1063/1.460327}
}

@article{behlerparrinello,
   title = {Generalized Neural-Network Representation of High-Dimensional Potential-Energy Surfaces},
   author = {Behler, J\"org and Parrinello, Michele},
   journal = {Phys. Rev. Lett.},
   volume = {98},
   issue = {14},
   pages = {146401},
   numpages = {4},
   year = {2007},
   month = {Apr},
   publisher = {American Physical Society},
   doi = {10.1103/PhysRevLett.98.146401},
   url = {https://link.aps.org/doi/10.1103/PhysRevLett.98.146401}
}

@article {ratcliff,
   author = {Ratcliff, Laura E. and Mohr, Stephan and Huhs, Georg and    Deutsch, Thierry and Masella, Michel and Genovese, Luigi},
   title = {Challenges in large scale quantum mechanical calculations},
   journal = {Wiley Interdisciplinary Reviews: Computational Molecular Science   },
   volume = {7},
   number = {1},
   publisher = {Wiley Periodicals, Inc.},
   issn = {1759-0884},
   url = {http://dx.doi.org/10.1002/wcms.1290},
   doi = {10.1002/wcms.1290},
   pages = {e1290--n/a},
   year = {2017},
   note = {e1290},
}

@article{behler,
   author = {Jörg Behler},
   title = {Perspective: Machine learning potentials for atomistic simulations   },
   journal = {The Journal of Chemical Physics},
   volume = {145},
   number = {17},
   pages = {170901},
   year = {2016},
   doi = {10.1063/1.4966192},
   URL = {https://doi.org/10.1063/1.4966192},
   eprint = {https://doi.org/10.1063/1.4966192}
}

@article{shen,
   author = {Shen, Lin and Wu, Jingheng and Yang, Weitao},
   title = {Multiscale Quantum Mechanics/Molecular Mechanics Simulations with    Neural Networks},
   journal = {Journal of Chemical Theory and Computation},
   volume = {12},
   number = {10},
   pages = {4934-4946},
   year = {2016},
   doi = {10.1021/acs.jctc.6b00663},
   note ={PMID: 27552235},
   URL = {http://dx.doi.org/10.1021/acs.jctc.6b00663},
   eprint = {http://dx.doi.org/10.1021/acs.jctc.6b00663}
}


@article{temme, 
   title={A Set of Algorithms for the Incomplete Gamma Functions}, 
   volume={8}, 
   DOI={10.1017/S0269964800003417}, 
   number={2}, 
   journal={Probability in the Engineering and Informational Sciences},    publisher={Cambridge University Press}, 
   author={Temme, N. M.}, 
   year={1994}, 
   pages={291–307}
}

@Article{gamma,
   author="Guseinov, I. I.
   and Mamedov, B. A.",
   title="Evaluation of the Boys Function using Analytical Relations",
   journal="Journal of Mathematical Chemistry",
   year="2006",
   month="Aug",
   day="01",
   volume="40",
   number="2",
   pages="179--183",
   issn="1572-8897",
   doi="10.1007/s10910-005-9023-3",
   url="https://doi.org/10.1007/s10910-005-9023-3"
}

@Article{guseinov,
   author="Guseinov, I.I.
   and Mamedov, B.A.",
   title="Evaluation of Incomplete Gamma Functions Using Downward Recursion    and Analytical Relations",
   journal="Journal of Mathematical Chemistry",
   year="2004",
   month="Aug",
   day="01",
   volume="36",
   number="4",
   pages="341--346",
   issn="1572-8897",
   doi="10.1023/B:JOMC.0000044521.18885.d3",
   url="https://doi.org/10.1023/B:JOMC.0000044521.18885.d3"
}

@article{pulay,
   title = "Convergence acceleration of iterative sequences. the case of scf    iteration",
   journal = "Chemical Physics Letters",
   volume = "73",
   number = "2",
   pages = "393 - 398",
   year = "1980",
   issn = "0009-2614",
   doi = "https://doi.org/10.1016/0009-2614(80)80396-4",
   url = "http://www.sciencedirect.com/science/article/pii/0009261480803964",
   author = "Péter Pulay"
}

@article{blocking,
   author = {H. Flyvbjerg and H. G. Petersen},
   title = {Error estimates on averages of correlated data},
   journal = {The Journal of Chemical Physics},
   volume = {91},
   number = {1},
   pages = {461-466},
   year = {1989},
   doi = {10.1063/1.457480},
   URL = {https://doi.org/10.1063/1.457480},
   eprint = {https://doi.org/10.1063/1.457480}
}

@Article{hflimit,
   author="Jensen, Frank",
   title="Estimating the Hartree---Fock limit from finite basis set calculations",
   journal="Theoretical Chemistry Accounts",
   year="2005",
   month="Jun",
   day="01",
   volume="113",
   number="5",
   pages="267--273",
   issn="1432-2234",
   doi="10.1007/s00214-005-0635-2",
   url="https://doi.org/10.1007/s00214-005-0635-2"
}

@article{kutzelnigg,
   author = {Werner Kutzelnigg and John D. Morgan III},
   title = {Rates of convergence of the partial‐wave expansions of atomic    correlation energies},
   journal = {The Journal of Chemical Physics},
   volume = {96},
   number = {6},
   pages = {4484-4508},
   year = {1992},
   doi = {10.1063/1.462811},
   URL = {https://doi.org/10.1063/1.462811},
   eprint = {https://doi.org/10.1063/1.462811}
}

@article{umrigar,
   author = {Claudia Filippi and C. J. Umrigar},
   title = {Multiconfiguration wave functions for quantum Monte Carlo calculations    of first‐row diatomic molecules},
   journal = {The Journal of Chemical Physics},
   volume = {105},
   number = {1},
   pages = {213-226},
   year = {1996},
   doi = {10.1063/1.471865},
   URL = {https://doi.org/10.1063/1.471865},
   eprint = {https://doi.org/10.1063/1.471865}
}

@article{BARZILAIBORWEIN,
   author = {J. Barzilai and J.M. Borwein},
   title = {Two-Point Step Size Gradient Methods},
   journal = {IMA Journal of Numerical Analysis},
   volume = {8},
   number = {1},
   pages = {141-148},
   year = {1988},
   doi = {10.1093/imanum/8.1.141},
   URL = { + http://dx.doi.org/10.1093/imanum/8.1.141},
   eprint = {/oup/backfile/content_public/journal/imajna/8/1/10.1093/   imanum/8.1.141/2/8-1-141.pdf}
}

@article{buendia,
   author = {E. Buendía and F. J. Gálvez and P. Maldonado and A. Sarsa},
   title = {Quantum Monte Carlo ground state energies for the atoms Li through Ar},
   journal = {The Journal of Chemical Physics},
   volume = {131},
   number = {4},
   pages = {044115},
   year = {2009},
   doi = {10.1063/1.3187526},
   URL = {https://doi.org/10.1063/1.3187526},
   eprint = {https://doi.org/10.1063/1.3187526}
}

@article{moskowitz1981new,
   title={A new look at correlations in atomic and molecular systems. I. Application of fermion Monte Carlo variational method},
   author={Moskowitz, Jules W and Kalos, MH},
   journal={International Journal of Quantum Chemistry},
   volume={20},
   number={5},
   pages={1107--1119},
   year={1981},
   publisher={Wiley Online Library}
}

@article{BUENDIA2006241,
   title = "Correlated wave functions for the ground state of the atoms Li through    Kr",
   journal = "Chemical Physics Letters",
   volume = "428",
   number = "4",
   pages = "241 - 244",
   year = "2006",
   issn = "0009-2614",
   doi = "https://doi.org/10.1016/j.cplett.2006.07.027",
   url = "http://www.sciencedirect.com/science/article/pii/S0009261406010372",
   author = "E. Buendía and F.J. Gálvez and A. Sarsa"
}

@article{talman1976optimized,
   title={Optimized effective atomic central potential},
   author={Talman, James D and Shadwick, William F},
   journal={Physical Review A},
   volume={14},
   number={1},
   pages={36},
   year={1976},
   publisher={APS}
}

@article{clementi,
   author = {E. Clementi and D. L. Raimondi and W. P. Reinhardt},
   title = {Atomic Screening Constants from SCF Functions. II. Atoms with 37 to 86    Electrons},
   journal = {The Journal of Chemical Physics},
   volume = {47},
   number = {4},
   pages = {1300-1307},
   year = {1967},
   doi = {10.1063/1.1712084},
   URL = {https://doi.org/10.1063/1.1712084},
   eprint = {https://doi.org/10.1063/1.1712084}
}

@article{Akramine,
   author = {O. El Akramine and A. C. Kollias and W. A. Lester Jr.},
   title = {Quantum Monte Carlo study of singlet–triplet transition in ethylene},
   journal = {The Journal of Chemical Physics},
   volume = {119},
   number = {3},
   pages = {1483-1488},
   year = {2003},
   doi = {10.1063/1.1579466},
   URL = {https://doi.org/10.1063/1.1579466},
   eprint = {https://doi.org/10.1063/1.1579466}
}

@article{manolo,
   author = {Manolo C. Per and Salvy P. Russo and Ian K. Snook},
   title = {Electron-nucleus cusp correction and forces in quantum Monte Carlo},
   journal = {The Journal of Chemical Physics},
   volume = {128},
   number = {11},
   pages = {114106},
   year = {2008},
   doi = {10.1063/1.2890722},
   URL = {https://doi.org/10.1063/1.2890722},
   eprint = {https://doi.org/10.1063/1.2890722}
}

@article{manten,
   author = {Sebastian Manten and Arne Lüchow},
   title = {On the accuracy of the fixed-node diffusion quantum Monte Carlo method},
   journal = {The Journal of Chemical Physics},
   volume = {115},
   number = {12},
   pages = {5362-5366},
   year = {2001},
   doi = {10.1063/1.1394757},
   URL = {https://doi.org/10.1063/1.1394757},
   eprint = {https://doi.org/10.1063/1.1394757}
}

@article{reynolds,
   author = {Peter J. Reynolds and David M. Ceperley and Berni J. Alder and William    A. Lester Jr.},
   title = {Fixed‐node quantum Monte Carlo for moleculesa) b)},
   journal = {The Journal of Chemical Physics},
   volume = {77},
   number = {11},
   pages = {5593-5603},
   year = {1982},
   doi = {10.1063/1.443766},
   URL = {https://doi.org/10.1063/1.443766},
   eprint = {https://doi.org/10.1063/1.443766}
}

@article{ma2005scheme,
   title={Scheme for adding electron--nucleus cusps to Gaussian orbitals},
   author={Ma, A and Towler, MD and Drummond, ND and Needs, RJ},
   journal={The Journal of chemical physics},
   volume={122},
   number={22},
   pages={224322},
   year={2005},
   publisher={AIP}
}


@misc{tensorflow,
title={ {TensorFlow}: Large-Scale Machine Learning on Heterogeneous Systems},
url={\url{https://www.tensorflow.org/}},
note={Software available from tensorflow.org},
author={
    Mart\'{i}n~Abadi and
    Ashish~Agarwal and
    Paul~Barham and
    Eugene~Brevdo and
    Zhifeng~Chen and
    Craig~Citro and
    Greg~S.~Corrado and
    Andy~Davis and
    Jeffrey~Dean and
    Matthieu~Devin and
    Sanjay~Ghemawat and
    Ian~Goodfellow and
    Andrew~Harp and
    Geoffrey~Irving and
    Michael~Isard and
    Yangqing Jia and
    Rafal~Jozefowicz and
    Lukasz~Kaiser and
    Manjunath~Kudlur and
    Josh~Levenberg and
    Dan~Man\'{e} and
    Rajat~Monga and
    Sherry~Moore and
    Derek~Murray and
    Chris~Olah and
    Mike~Schuster and
    Jonathon~Shlens and
    Benoit~Steiner and
    Ilya~Sutskever and
    Kunal~Talwar and
    Paul~Tucker and
    Vincent~Vanhoucke and
    Vijay~Vasudevan and
    Fernanda~Vi\'{e}gas and
    Oriol~Vinyals and
    Pete~Warden and
    Martin~Wattenberg and
    Martin~Wicke and
    Yuan~Yu and
    Xiaoqiang~Zheng},
  year={2015},
}

@inproceedings{glorot2010understanding,
  title={Understanding the difficulty of training deep feedforward neural networks},
  author={Glorot, Xavier and Bengio, Yoshua},
  booktitle={Proceedings of the Thirteenth International Conference on Artificial Intelligence and Statistics},
  pages={249--256},
  year={2010}
}

@misc{tensorboard,
  author = {Dandelion Mane and Daniel Smilkov and Justine Tunney and William Chargin},
  title = {TensorBoard},
  year = {2017},
  publisher = {GitHub},
  journal = {GitHub repository},
  howpublished = {\url{https://github.com/tensorflow/tensorboard}},
  commit = {9b247d21049c3521ab736588f4d95bf57b6816f6}
}

@article{adam,
   title={Adam: A method for stochastic optimization},
   author={Kingma, Diederik and Ba, Jimmy},
   journal={arXiv preprint arXiv:1412.6980},
   year={2014}
}

@article{stillinger,
  title = {Computer simulation of local order in condensed phases of silicon},
  author = {Stillinger, Frank H. and Weber, Thomas A.},
  journal = {Phys. Rev. B},
  volume = {31},
  issue = {8},
  pages = {5262--5271},
  numpages = {0},
  year = {1985},
  month = {Apr},
  publisher = {American Physical Society},
  doi = {10.1103/PhysRevB.31.5262},
  url = {https://link.aps.org/doi/10.1103/PhysRevB.31.5262}
}

@inproceedings{dirac1930note,
   title={Note on exchange phenomena in the Thomas atom},
   author={Dirac, Paul AM},
   booktitle={Mathematical Proceedings of the Cambridge Philosophical Society },
   volume={26},
   number={3},
   pages={376--385},
   year={1930},
   organization={Cambridge University Press}
}

@article{ceperley1980ground,
   title={Ground state of the electron gas by a stochastic method},
   author={Ceperley, David M and Alder, BJ},
   journal={Physical Review Letters},
   volume={45},
   number={7},
   pages={566},
   year={1980},
   publisher={APS}
}

@article{vardi2012artificial,
   title={Artificial intelligence: past and future},
   author={Vardi, Moshe Y},
   journal={Communications of the ACM},
   volume={55},
   number={1},
   pages={5--5},
   year={2012},
   publisher={ACM}
}

@misc{1712.01815,
   Author = {David Silver and Thomas Hubert and Julian Schrittwieser and    Ioannis Antonoglou and Matthew Lai and Arthur Guez and Marc Lanctot and    Laurent Sifre and Dharshan Kumaran and Thore Graepel and Timothy Lillicrap    and Karen Simonyan and Demis Hassabis},
   Title = {Mastering Chess and Shogi by Self-Play with a General    Reinforcement Learning Algorithm},
   Year = {2017},
   Eprint = {arXiv:1712.01815},
}

@article {Jordan255,
   author = {Jordan, M. I. and Mitchell, T. M.},
   title = {Machine learning: Trends, perspectives, and prospects},
   volume = {349},
   number = {6245},
   pages = {255--260},
   year = {2015},
   doi = {10.1126/science.aaa8415},
   publisher = {American Association for the Advancement of Science},
   issn = {0036-8075},
   URL = {http://science.sciencemag.org/content/349/6245/255},
   eprint = {http://science.sciencemag.org/content/349/6245/255.full.pdf},
   journal = {Science}
}

@Misc{stockfish,
   author       = {Tord Romstad and Marco Costalba and Joona Kiiski},
   title        = {Stockfish Chess},
   howpublished = {\url{https://stockfishchess.org/}},
   year         = {2008--2017}
}

@article{HORNIK1989359,
   title = "Multilayer feedforward networks are universal approximators",
   journal = "Neural Networks",
   volume = "2",
   number = "5",
   pages = "359 - 366",
   year = "1989",
   issn = "0893-6080",
   doi = "https://doi.org/10.1016/0893-6080(89)90020-8",
   url = "http://www.sciencedirect.com/science/article/pii/0893608089900208",
   author = "Kurt Hornik and Maxwell Stinchcombe and Halbert White",
   keywords = "Feedforward networks, Universal approximation, Mapping    networks, Network representation capability, Stone-Weierstrass Theorem,    Squashing functions, Sigma-Pi networks, Back-propagation networks"
}

@Article{backprop,
   author={Rumelhart, David E.
   and Hinton, Geoffrey E.
   and Williams, Ronald J.},
   title={Learning representations by back-propagating errors},
   journal={Nature},
   year={1986},
   month={Oct},
   day={09},
   publisher={Nature Publishing Group SN},
   volume={323},
   url={http://dx.doi.org/10.1038/323533a0}
}

@misc{opti,
   Author = {Sebastian Ruder},
   Title = {An overview of gradient descent optimization algorithms},
   Year = {2016},
   Eprint = {arXiv:1609.04747},
}

@article{plimpton1995fast,
  title={Fast parallel algorithms for short-range molecular dynamics},
  author={Plimpton, Steve},
  journal={Journal of computational physics},
  volume={117},
  number={1},
  pages={1--19},
  year={1995},
  publisher={Elsevier}
}

@article {Jones463,
   title = {On the determination of molecular fields. {\textemdash}II. From the equation of state of a gas},
   volume = {106},
   number = {738},
   pages = {463--477},
   year = {1924},
   doi = {10.1098/rspa.1924.0082},
   publisher = {The Royal Society},
   issn = {0950-1207},
   URL = {http://rspa.royalsocietypublishing.org/content/106/738/463},
   eprint = {http://rspa.royalsocietypublishing.org/content/106/738/463.full.pdf},
   journal = {Proceedings of the Royal Society of London A: Mathematical, Physical and Engineering Sciences}
}

@article{pukrittayakamee2009simultaneous,
  title={Simultaneous fitting of a potential-energy surface and its corresponding force fields using feedforward neural networks},
  author={Pukrittayakamee, A and Malshe, M and Hagan, M and Raff, LM and Narulkar, R and Bukkapatnum, S and Komanduri, R},
  journal={The Journal of chemical physics},
  volume={130},
  number={13},
  pages={134101},
  year={2009},
  publisher={AIP}
}
